

@INPROCEEDINGS{CBIC2021-142,
    AUTHOR=		{Micael Ver{\'\i}ssimo de Ara\'ujo, Jo\~ao Victor da Fonseca Pinto and Jose Seixas},
    TITLE=		{Filtragem Online Baseada na Informa\c{c}\~ao do Sistema Calorimetria do Experimento ATLAS Utilizando Modelos de Aprendizado de M\'aquinas},
    PAGES=		{1-6},
    BOOKTITLE=	{Anais do 15 Congresso Brasileiro de Intelig\^encia Computacional},
    EDITOR=		{Carmelo Jos'e Albanez Bastos Filho and Hugo Valadares Siqueira and Danton Diego Ferreira and Douglas Wildgrube Bertol and Roberto C'elio Lim\~ao de Oliveira},
    PUBLISHER=	{SBIC},
    ADDRESS=	{Joinville, SC},
    YEAR=		{2021},
    keywords=   {completo_anais}
  }


  @INPROCEEDINGS{CBIC2021-130,
    AUTHOR=		{Juan Marin, Eduardo Simas, Edmar Souza, Bernardo Peralva, Jo\~ao Pinto, Micael Ara\'ujo and Jose Seixas},
    TITLE=		{Conjunto de Redes Neurais Artificiais para Detec\c{c}\~ao Online de F\'otons de Altas Energias},
    PAGES=		{1-8},
    BOOKTITLE=	{Anais do 15 Congresso Brasileiro de Intelig\^encia Computacional},
    EDITOR=		{Carmelo Jos'e Albanez Bastos Filho and Hugo Valadares Siqueira and Danton Diego Ferreira and Douglas Wildgrube Bertol and Roberto C'elio Lim\~ao de Oliveira},
    PUBLISHER=	{SBIC},
    ADDRESS=	{Joinville, SC},
    YEAR=		{2021},
    keywords=   {completo_anais}
  }



  @INPROCEEDINGS{CBIC2021-149,
    AUTHOR=		{Eduardo Simas, Paulo Farias, Edmar Souza, Juan Marin, Werner Freund, Jose Seixas, Jo\~ao Fonseca and Bertrand Laforge},
    TITLE=		{Uma Proposta para Calibra\c{c}\~ao do Sistema Online de Sele\c{c}\~ao de Eventos no Detector ATLAS utilizando Gradient Boosted Decision Trees},
    PAGES=		{1-8},
    BOOKTITLE=	{Anais do 15 Congresso Brasileiro de Intelig\^encia Computacional},
    EDITOR=		{Carmelo Jos'e Albanez Bastos Filho and Hugo Valadares Siqueira and Danton Diego Ferreira and Douglas Wildgrube Bertol and Roberto C'elio Lim\~ao de Oliveira},
    PUBLISHER=	{SBIC},
    ADDRESS=	{Joinville, SC},
    YEAR=		{2021},
    keywords=   {completo_anais}
  }

@INPROCEEDINGS{CBIC2019-102,
	TITLE=		{Redes Auto-codificadoras como Pr\'e-processamento em Calorimetria de Altas Energias com Fina Segmenta\c{c}\~ao},
	AUTHOR=		{Carlos Eduardo Covas Costa and Micael Ver??ssimo de Ara\'ujo and Jo\~ao Victor da Fonseca Pinto and Werner Spolidoro Freund and Jos\'e Manoel de Seixas},
	PAGES=		{1-8},
	BOOKTITLE=	{Anais do 14 Congresso Brasileiro de Intelig\^encia Computacional},
	EDITOR=		{Bruno Jos\'e Torres Fernandes and Ant\^onio \{Pereira J\'unior\}},
	ISBN=		{978-856997201-3},
	PUBLISHER=	{ABRICOM},
	ADDRESS=	{Curitiba, PR},
	YEAR=		{2019},
    keywords=   {completo_anais}
}


@INPROCEEDINGS{CBIC2019-104,
	TITLE=		{Avalia\c{c}\~ao da Contribui\c{c}\~ao Longitudinal de um Calor{\'\i}metro Finamente Segmentado para a Filtragem Online Realizada por um Ensemble de Redes Neurais em Ambiente de Alta Taxa de Eventos},
	AUTHOR=		{Micael Ver{\'\i}ssimo de Ara\'ujo and Carlos Eduardo Covas Costa and Jo\~ao Victor da Fonseca Pinto and Werner Spolidoro Freund and Jos\'e Manoel de Seixas and Marcia Begalli},
	PAGES=		{1-6},
	BOOKTITLE=	{Anais do 14 Congresso Brasileiro de Intelig\^encia Computacional},
	EDITOR=		{Bruno Jos\'e Torres Fernandes and Ant\^onio \{Pereira J\'unior\}},
	ISBN=		{978-856997201-3},
	PUBLISHER=	{ABRICOM},
	ADDRESS=	{Curitiba, PR},
	YEAR=		{2019},
    keywords=   {completo_anais}
}









  





  