@article{ATLAS:2019asg,
 archiveprefix = {arXiv},
 author = {Aad, Georges and others},
 collaboration = {ATLAS},
 doi = {10.1007/JHEP02(2020)042},
 eprint = {1911.00453},
 journal = {JHEP},
 keywords = {A1,atlas},
 note = {[Erratum: JHEP 10, 182 (2020)]},
 pages = {042},
 primaryclass = {hep-ex},
 reportnumber = {CERN-EP-2019-190},
 title = {{Measurement of differential cross sections for single diffractive dissociation in $\sqrt{s} = 8$ TeV $pp$ collisions using the ATLAS ALFA spectrometer}},
 volume = {02},
 year = {2020}
}

@article{ATLAS:2019azn,
 archiveprefix = {arXiv},
 author = {Aad, Georges and others},
 collaboration = {ATLAS},
 doi = {10.1103/PhysRevLett.123.052001},
 eprint = {1904.03536},
 journal = {Phys. Rev. Lett.},
 keywords = {A1,atlas},
 number = {5},
 pages = {052001},
 primaryclass = {hep-ex},
 reportnumber = {CERN-EP-2019-051},
 title = {{Observation of light-by-light scattering in ultraperipheral Pb+Pb collisions with the ATLAS detector}},
 volume = {123},
 year = {2019}
}

@article{ATLAS:2019bsa,
 archiveprefix = {arXiv},
 author = {Aad, Georges and others},
 collaboration = {ATLAS},
 doi = {10.1140/epjc/s10052-019-7321-3},
 eprint = {1907.06728},
 journal = {Eur. Phys. J. C},
 keywords = {A2,atlas},
 number = {10},
 pages = {847},
 primaryclass = {hep-ex},
 reportnumber = {CERN-EP-2019-133},
 title = {{Measurement of the inclusive cross-section for the production of jets in association with a Z boson in proton-proton collisions at 8 TeV using the ATLAS detector}},
 volume = {79},
 year = {2019}
}

@article{ATLAS:2019buk,
 archiveprefix = {arXiv},
 author = {Aad, Georges and others},
 collaboration = {ATLAS},
 doi = {10.1007/JHEP10(2019)203},
 eprint = {1908.02746},
 journal = {JHEP},
 keywords = {A1,atlas},
 pages = {203},
 primaryclass = {hep-ex},
 reportnumber = {CERN-EP-2019-136},
 title = {{Measurement of the inclusive isolated-photon cross section in $pp$ collisions at $\sqrt{s}=13$ TeV using 36 fb$^{-1}$ of ATLAS data}},
 volume = {10},
 year = {2019}
}

@article{ATLAS:2019bwq,
 archiveprefix = {arXiv},
 author = {Aad, Georges and others},
 collaboration = {ATLAS},
 doi = {10.1140/epjc/s10052-019-7450-8},
 eprint = {1907.05120},
 journal = {Eur. Phys. J. C},
 keywords = {A2,atlas},
 number = {11},
 pages = {970},
 primaryclass = {hep-ex},
 reportnumber = {CERN-EP-2019-132},
 title = {{ATLAS b-jet identification performance and efficiency measurement with $t{\bar{t}}$ events in pp collisions at $\sqrt{s}=13$ TeV}},
 volume = {79},
 year = {2019}
}

@article{ATLAS:2019cid,
 archiveprefix = {arXiv},
 author = {Aaboud, Morad and others},
 collaboration = {ATLAS},
 doi = {10.1103/PhysRevLett.122.231801},
 eprint = {1904.05105},
 journal = {Phys. Rev. Lett.},
 keywords = {A1,atlas},
 number = {23},
 pages = {231801},
 primaryclass = {hep-ex},
 reportnumber = {CERN-EP-2019-046},
 title = {{Combination of searches for invisible Higgs boson decays with the ATLAS experiment}},
 volume = {122},
 year = {2019}
}

@article{ATLAS:2019dct,
 archiveprefix = {arXiv},
 author = {Aad, Georges and others},
 collaboration = {ATLAS},
 doi = {10.1103/PhysRevC.101.024906},
 eprint = {1911.04812},
 journal = {Phys. Rev. C},
 keywords = {A1,atlas},
 number = {2},
 pages = {024906},
 primaryclass = {nucl-ex},
 reportnumber = {CERN-EP-2019-227},
 title = {{Measurement of the azimuthal anisotropy of charged-particle production in $Xe+Xe$ collisions at $\sqrt{s_{\mathrm{NN}}}=5.44$ TeV with the ATLAS detector}},
 volume = {101},
 year = {2020}
}



@article{ATLAS:2019drj,
 archiveprefix = {arXiv},
 author = {Aaboud, Morad and others},
 collaboration = {ATLAS},
 doi = {10.1007/JHEP04(2019)093},
 eprint = {1901.10075},
 journal = {JHEP},
 keywords = {A1,atlas},
 pages = {093},
 primaryclass = {hep-ex},
 reportnumber = {CERN-EP-2018-340},
 title = {{Measurement of the ratio of cross sections for inclusive isolated-photon production in $pp$ collisions at $\sqrt s = 13$ and $8$ TeV with the ATLAS detector}},
 volume = {04},
 year = {2019}
}

@article{ATLAS:2019epb,
 archiveprefix = {arXiv},
 author = {Aaboud, Morad and others},
 collaboration = {ATLAS},
 doi = {10.1088/1748-0221/14/06/P06012},
 eprint = {1905.03739},
 journal = {JINST},
 keywords = {A3,atlas},
 number = {06},
 pages = {P06012},
 primaryclass = {physics.ins-det},
 reportnumber = {CERN-EP-2019-061},
 title = {{Modelling radiation damage to pixel sensors in the ATLAS detector}},
 volume = {14},
 year = {2019}
}

@article{ATLAS:2019fag,
 archiveprefix = {arXiv},
 author = {Aad, Georges and others},
 collaboration = {ATLAS},
 doi = {10.1007/JHEP06(2020)046},
 eprint = {1909.08457},
 journal = {JHEP},
 keywords = {A1,atlas},
 pages = {046},
 primaryclass = {hep-ex},
 reportnumber = {CERN-EP-2019-161},
 title = {{Search for squarks and gluinos in final states with same-sign leptons and jets using 139 fb$^{-1}$ of data collected with the ATLAS detector}},
 volume = {06},
 year = {2020}
}

@article{ATLAS:2019fgb,
 archiveprefix = {arXiv},
 author = {Aad, Georges and others},
 collaboration = {ATLAS},
 doi = {10.1140/epjc/s10052-019-7199-0},
 eprint = {1904.05631},
 journal = {Eur. Phys. J. C},
 keywords = {A2,atlas},
 number = {9},
 pages = {760},
 primaryclass = {hep-ex},
 reportnumber = {CERN-EP-2019-053},
 title = {{Measurement of the cross-section and charge asymmetry of $W$ bosons produced in proton\textendash{}proton collisions at $\sqrt{s}=8~\text {TeV}$ with the ATLAS detector}},
 volume = {79},
 year = {2019}
}

@article{ATLAS:2019fgd,
 archiveprefix = {arXiv},
 author = {Aad, Georges and others},
 collaboration = {ATLAS},
 doi = {10.1007/JHEP03(2020)145},
 eprint = {1910.08447},
 journal = {JHEP},
 keywords = {A1,atlas},
 pages = {145},
 primaryclass = {hep-ex},
 reportnumber = {CERN-EP-2019-162},
 title = {{Search for new resonances in mass distributions of jet pairs using 139 fb$^{-1}$ of $pp$ collisions at $\sqrt{s}=13$ TeV with the ATLAS detector}},
 volume = {03},
 year = {2020}
}

@article{ATLAS:2019fst,
 archiveprefix = {arXiv},
 author = {Aad, Georges and others},
 collaboration = {ATLAS},
 doi = {10.1088/1748-0221/15/04/P04003},
 eprint = {1911.04632},
 journal = {JINST},
 keywords = {A3,atlas},
 number = {04},
 pages = {P04003},
 primaryclass = {physics.ins-det},
 reportnumber = {CERN-EP-2019-207},
 title = {{ATLAS data quality operations and performance for 2015\textendash{}2018 data-taking}},
 volume = {15},
 year = {2020}
}

@article{ATLAS:2019fyu,
 archiveprefix = {arXiv},
 author = {Aad, Georges and others},
 collaboration = {ATLAS},
 doi = {10.1140/epjc/s10052-019-7399-7},
 eprint = {1907.03567},
 journal = {Eur. Phys. J. C},
 keywords = {A2,atlas},
 number = {11},
 pages = {901},
 primaryclass = {hep-ex},
 reportnumber = {CERN-EP-2019-095},
 title = {{Measurement of $W^{\pm }$-boson and Z-boson production cross-sections in pp collisions at $\sqrt{s}=2.76$ TeV with the ATLAS detector}},
 volume = {79},
 year = {2019}
}

@article{ATLAS:2019gdh,
 archiveprefix = {arXiv},
 author = {Aad, Georges and others},
 collaboration = {ATLAS},
 doi = {10.1007/JHEP12(2019)060},
 eprint = {1908.03122},
 journal = {JHEP},
 keywords = {A1,atlas},
 pages = {060},
 primaryclass = {hep-ex},
 reportnumber = {CERN-EP-2019-142},
 title = {{Search for bottom-squark pair production with the ATLAS detector in final states containing Higgs bosons, $b$-jets and missing transverse momentum}},
 volume = {12},
 year = {2019}
}

@article{ATLAS:2019gey,
 archiveprefix = {arXiv},
 author = {Aad, Georges and others},
 collaboration = {ATLAS},
 doi = {10.1007/JHEP03(2020)054},
 eprint = {1911.04813},
 journal = {JHEP},
 keywords = {A1,atlas},
 pages = {054},
 primaryclass = {hep-ex},
 reportnumber = {CERN-EP-2019-228},
 title = {{Measurement of the $Z(\rightarrow\ell^+\ell^-)\gamma$ production cross-section in $pp$ collisions at $\sqrt{s} =13$ TeV with the ATLAS detector}},
 volume = {03},
 year = {2020}
}

@article{ATLAS:2019guf,
 archiveprefix = {arXiv},
 author = {Aad, Georges and others},
 collaboration = {ATLAS},
 doi = {10.1007/JHEP11(2019)150},
 eprint = {1905.02302},
 journal = {JHEP},
 keywords = {A1,atlas},
 pages = {150},
 primaryclass = {hep-ex},
 reportnumber = {CERN-EP-2019-059},
 title = {{Measurement of the top-quark mass in $t\bar{t}+1$-jet events collected with the ATLAS detector in $pp$ collisions at $\sqrt{s}=8$ TeV}},
 volume = {11},
 year = {2019}
}

@article{ATLAS:2019hau,
 archiveprefix = {arXiv},
 author = {Aad, Georges and others},
 collaboration = {ATLAS},
 doi = {10.1140/epjc/s10052-020-7907-9},
 eprint = {1910.08819},
 journal = {Eur. Phys. J. C},
 keywords = {A2,atlas},
 number = {6},
 pages = {528},
 primaryclass = {hep-ex},
 reportnumber = {CERN-EP-2019-203},
 title = {{Measurement of the $t\bar{t}$ production cross-section and lepton differential distributions in $e\mu $ dilepton events from $pp$ collisions at $\sqrt{s}=13\,\text {TeV}$ with the ATLAS detector}},
 volume = {80},
 year = {2020}
}

@article{ATLAS:2019hhu,
 archiveprefix = {arXiv},
 author = {Aaboud, Morad and others},
 collaboration = {ATLAS, CMS},
 doi = {10.1007/JHEP05(2019)088},
 eprint = {1902.07158},
 journal = {JHEP},
 keywords = {A1,atlas},
 pages = {088},
 primaryclass = {hep-ex},
 reportnumber = {CERN-EP-2019-005},
 title = {{Combinations of single-top-quark production cross-section measurements and |f$_{LV}$V$_{tb}$| determinations at $ \sqrt{s} $ = 7 and 8 TeV with the ATLAS and CMS experiments}},
 volume = {05},
 year = {2019}
}

@article{ATLAS:2019hxz,
 archiveprefix = {arXiv},
 author = {Aad, Georges and others},
 collaboration = {ATLAS},
 doi = {10.1140/epjc/s10052-019-7525-6},
 eprint = {1908.07305},
 journal = {Eur. Phys. J. C},
 keywords = {A2,atlas},
 note = {[Erratum: Eur.Phys.J.C 80, 1092 (2020)]},
 number = {12},
 pages = {1028},
 primaryclass = {hep-ex},
 reportnumber = {CERN-EP-2019-149},
 title = {{Measurements of top-quark pair differential and double-differential cross-sections in the $\ell$+jets channel with $pp$ collisions at $\sqrt{s}=13$ TeV using the ATLAS detector}},
 volume = {79},
 year = {2019}
}

@article{ATLAS:2019iaa,
 archiveprefix = {arXiv},
 author = {Aad, Georges and others},
 collaboration = {ATLAS},
 doi = {10.1007/JHEP03(2020)179},
 eprint = {1912.09866},
 journal = {JHEP},
 keywords = {A1,atlas},
 pages = {179},
 primaryclass = {hep-ex},
 reportnumber = {CERN-EP-2019-210},
 title = {{Measurement of isolated-photon plus two-jet production in $pp$ collisions at $\sqrt s=13$ TeV with the ATLAS detector}},
 volume = {03},
 year = {2020}
}

@article{ATLAS:2019ibd,
 archiveprefix = {arXiv},
 author = {Aad, Georges and others},
 collaboration = {ATLAS},
 doi = {10.1140/epjc/s10052-019-7439-3},
 eprint = {1907.10414},
 journal = {Eur. Phys. J. C},
 keywords = {A2,atlas},
 number = {11},
 pages = {935},
 primaryclass = {nucl-ex},
 reportnumber = {CERN-EP-2019-123},
 title = {{Measurement of $W^\pm $ boson production in Pb+Pb collisions at $\sqrt{s_{\mathrm{NN}}} = 5.02~\text {Te}\text {V}$ with the ATLAS detector}},
 volume = {79},
 year = {2019}
}

@article{ATLAS:2019kpx,
 archiveprefix = {arXiv},
 author = {Aad, Georges and others},
 collaboration = {ATLAS},
 doi = {10.1007/JHEP10(2019)265},
 eprint = {1905.09787},
 journal = {JHEP},
 keywords = {A1,atlas},
 pages = {265},
 primaryclass = {hep-ex},
 reportnumber = {CERN-EP-2019-071},
 title = {{Search for heavy neutral leptons in decays of $W$ bosons produced in 13 TeV $pp$ collisions using prompt and displaced signatures with the ATLAS detector}},
 volume = {10},
 year = {2019}
}

@article{ATLAS:2019kwg,
 archiveprefix = {arXiv},
 author = {Aaboud, Morad and others},
 collaboration = {ATLAS},
 doi = {10.1007/JHEP08(2019)033},
 eprint = {1903.02942},
 journal = {JHEP},
 keywords = {A1,atlas},
 pages = {033},
 primaryclass = {hep-ex},
 reportnumber = {CERN-EP-2019-011},
 title = {{Measurement of jet-substructure observables in top quark, $W$ boson and light jet production in proton-proton collisions at $\sqrt{s}=13$ TeV with the ATLAS detector}},
 volume = {08},
 year = {2019}
}

@article{ATLAS:2019lff,
 archiveprefix = {arXiv},
 author = {Aad, Georges and others},
 collaboration = {ATLAS},
 doi = {10.1140/epjc/s10052-019-7594-6},
 eprint = {1908.08215},
 journal = {Eur. Phys. J. C},
 keywords = {A2,atlas},
 number = {2},
 pages = {123},
 primaryclass = {hep-ex},
 reportnumber = {CERN-EP-2019-106},
 title = {{Search for electroweak production of charginos and sleptons decaying into final states with two leptons and missing transverse momentum in $\sqrt{s}=13$ TeV $pp$ collisions using the ATLAS detector}},
 volume = {80},
 year = {2020}
}

@article{ATLAS:2019lwq,
 archiveprefix = {arXiv},
 author = {Aad, Georges and others},
 collaboration = {ATLAS},
 doi = {10.1140/epjc/s10052-019-7335-x},
 eprint = {1906.11005},
 journal = {Eur. Phys. J. C},
 keywords = {A2,atlas},
 number = {10},
 pages = {836},
 primaryclass = {hep-ex},
 reportnumber = {CERN-EP-2019-085},
 title = {{Identification of boosted Higgs bosons decaying into $b$-quark pairs with the ATLAS detector at 13  $\text {TeV}$}},
 volume = {79},
 year = {2019}
}

@article{ATLAS:2019mcj,
 archiveprefix = {arXiv},
 author = {Aad, Georges and others},
 collaboration = {ATLAS},
 doi = {10.1088/1748-0221/14/09/P09011},
 eprint = {1906.12226},
 journal = {JINST},
 keywords = {A3,atlas},
 number = {09},
 pages = {P09011},
 primaryclass = {hep-ex},
 reportnumber = {CERN-EP-2019-091},
 title = {{Resolution of the ATLAS muon spectrometer monitored drift tubes in LHC Run 2}},
 volume = {14},
 year = {2019}
}

@article{ATLAS:2019nat,
 archiveprefix = {arXiv},
 author = {Aad, Georges and others},
 collaboration = {ATLAS},
 doi = {10.1007/JHEP09(2019)091},
 eprint = {1906.08589},
 journal = {JHEP},
 keywords = {A1,atlas},
 note = {[Erratum: JHEP 06, 042 (2020)]},
 pages = {091},
 primaryclass = {hep-ex},
 reportnumber = {CERN-EP-2019-044},
 title = {{Search for diboson resonances in hadronic final states in 139 fb$^{-1}$ of $pp$ collisions at $\sqrt{s} = 13$ TeV with the ATLAS detector}},
 volume = {09},
 year = {2019}
}

@article{ATLAS:2019ocl,
 archiveprefix = {arXiv},
 author = {Aad, Georges and others},
 collaboration = {ATLAS},
 doi = {10.1140/epjc/s10052-019-7162-0},
 eprint = {1905.09752},
 journal = {Eur. Phys. J. C},
 keywords = {A2,atlas},
 number = {8},
 pages = {666},
 primaryclass = {hep-ex},
 reportnumber = {CERN-EP-2019-064},
 title = {{Measurement of distributions sensitive to the underlying event in inclusive $Z$-boson production in pp collisions at $\sqrt{s} = 13$ TeV with the ATLAS detector}},
 volume = {79},
 year = {2019}
}

@article{ATLAS:2019peb,
 archiveprefix = {arXiv},
 author = {Aaboud, Morad and others},
 collaboration = {ATLAS},
 doi = {10.1007/JHEP01(2020)051},
 eprint = {1904.04808},
 journal = {JHEP},
 keywords = {A1,atlas},
 pages = {051},
 primaryclass = {nucl-ex},
 reportnumber = {CERN-EP-2019-023},
 title = {{Fluctuations of anisotropic flow in Pb+Pb collisions at $ \sqrt{{\mathrm{s}}_{\mathrm{NN}}} $ = 5.02 TeV with the ATLAS detector}},
 volume = {01},
 year = {2020}
}

@article{ATLAS:2019pid,
 archiveprefix = {arXiv},
 author = {Aad, Georges and others},
 collaboration = {ATLAS},
 doi = {10.1103/PhysRevC.100.064901},
 eprint = {1908.05264},
 journal = {Phys. Rev. C},
 keywords = {A1,atlas},
 note = {[Erratum: Phys.Rev.C 101, 059903 (2020)]},
 number = {6},
 pages = {064901},
 primaryclass = {nucl-ex},
 reportnumber = {CERN-EP-2019-158},
 title = {{Measurement of angular and momentum distributions of charged particles within and around jets in Pb+Pb and $pp$ collisions at $\sqrt{s_{\mathrm{NN}}} = 5.02$ TeV with the ATLAS detector}},
 volume = {100},
 year = {2019}
}

@article{ATLAS:2019pqg,
 archiveprefix = {arXiv},
 author = {Aad, Georges and others},
 collaboration = {ATLAS},
 doi = {10.1140/epjc/s10052-019-7512-y},
 eprint = {1907.10862},
 journal = {Eur. Phys. J. C},
 keywords = {A2,atlas},
 number = {12},
 pages = {1017},
 primaryclass = {hep-ex},
 reportnumber = {CERN-EP-2019-112},
 title = {{Measurement of $K_S^0$ and $\Lambda ^0$ production in $t \bar{t}$ dileptonic events in pp collisions at $\sqrt{s} =$ 7 TeV with the ATLAS detector}},
 volume = {79},
 year = {2019}
}

@article{ATLAS:2019pvn,
 archiveprefix = {arXiv},
 author = {Aad, Georges and others},
 collaboration = {ATLAS},
 doi = {10.1140/epjc/s10052-019-7489-6},
 eprint = {1907.05176},
 journal = {Eur. Phys. J. C},
 keywords = {A2,atlas},
 number = {12},
 pages = {985},
 primaryclass = {nucl-ex},
 reportnumber = {CERN-EP-2019-130},
 title = {{Measurement of flow harmonics correlations with mean transverse momentum in lead-lead and proton-lead collisions at $\sqrt{s_{NN}}=5.02$ TeV with the ATLAS detector}},
 volume = {79},
 year = {2019}
}

@article{ATLAS:2019qmc,
 archiveprefix = {arXiv},
 author = {Aad, Georges and others},
 collaboration = {ATLAS},
 doi = {10.1088/1748-0221/14/12/P12006},
 eprint = {1908.00005},
 journal = {JINST},
 keywords = {A3,atlas},
 number = {12},
 pages = {P12006},
 primaryclass = {hep-ex},
 reportnumber = {CERN-EP-2019-145},
 title = {{Electron and photon performance measurements with the ATLAS detector using the 2015\textendash{}2017 LHC proton-proton collision data}},
 volume = {14},
 year = {2019}
}

@article{ATLAS:2019qpq,
 archiveprefix = {arXiv},
 author = {Aaboud, Morad and others},
 collaboration = {ATLAS},
 doi = {10.1007/JHEP06(2019)144},
 eprint = {1902.08103},
 journal = {JHEP},
 keywords = {A1,atlas},
 pages = {144},
 primaryclass = {hep-ex},
 reportnumber = {CERN-EP-2019-026},
 title = {{Searches for third-generation scalar leptoquarks in $\sqrt{s}$ = 13 TeV pp collisions with the ATLAS detector}},
 volume = {06},
 year = {2019}
}

@article{ATLAS:2019qrr,
 archiveprefix = {arXiv},
 author = {Aaboud, Morad and others},
 collaboration = {ATLAS},
 doi = {10.1140/epjc/s10052-019-6962-6},
 eprint = {1902.03094},
 journal = {Eur. Phys. J. C},
 keywords = {A2,atlas},
 number = {6},
 pages = {481},
 primaryclass = {hep-ex},
 reportnumber = {CERN-EP-2018-351},
 title = {{Search for long-lived neutral particles in $pp$ collisions at $\sqrt{s}$ = 13 TeV that decay into displaced hadronic jets in the ATLAS calorimeter}},
 volume = {79},
 year = {2019}
}

@article{ATLAS:2019rob,
 archiveprefix = {arXiv},
 author = {Aaboud, Morad and others},
 collaboration = {ATLAS},
 doi = {10.1140/epjc/s10052-019-7371-6},
 eprint = {1905.04242},
 journal = {Eur. Phys. J. C},
 keywords = {A2,atlas},
 number = {10},
 pages = {884},
 primaryclass = {hep-ex},
 reportnumber = {CERN-EP-2019-055},
 title = {{Measurement of fiducial and differential $W^+W^-$ production cross-sections at $\sqrt{s}=13$  TeV with the ATLAS detector}},
 volume = {79},
 year = {2019}
}

@article{ATLAS:2019tkk,
 archiveprefix = {arXiv},
 author = {Aad, Georges and others},
 collaboration = {ATLAS},
 doi = {10.1140/epjc/s10052-020-7997-4},
 eprint = {1909.01246},
 journal = {Eur. Phys. J. C},
 keywords = {A2,atlas},
 number = {5},
 pages = {450},
 primaryclass = {hep-ex},
 reportnumber = {CERN-EP-2019-140},
 title = {{Search for light long-lived neutral particles produced in $pp$ collisions at $\sqrt{s} =$ 13 TeV and decaying into collimated leptons or light hadrons with the ATLAS detector}},
 volume = {80},
 year = {2020}
}

@article{ATLAS:2019vcm,
 archiveprefix = {arXiv},
 author = {Aad, Georges and others},
 collaboration = {ATLAS},
 doi = {10.1140/epjc/s10052-020-7624-4},
 eprint = {1910.13978},
 journal = {Eur. Phys. J. C},
 keywords = {A2,atlas},
 number = {1},
 pages = {73},
 primaryclass = {nucl-ex},
 reportnumber = {CERN-EP-2019-217},
 title = {{Transverse momentum and process dependent azimuthal anisotropies in $\sqrt{s_{\mathrm{NN}}}=8.16$ TeV $p$+Pb collisions with the ATLAS detector}},
 volume = {80},
 year = {2020}
}

@article{ATLAS:2019wdu,
 archiveprefix = {arXiv},
 author = {Aaboud, Morad and others},
 collaboration = {ATLAS},
 doi = {10.1007/JHEP05(2019)142},
 eprint = {1903.01400},
 journal = {JHEP},
 keywords = {A1,atlas},
 pages = {142},
 primaryclass = {hep-ex},
 reportnumber = {CERN-EP-2018-334},
 title = {{Constraints on mediator-based dark matter and scalar dark energy models using $\sqrt s = 13$ TeV $pp$ collision data collected by the ATLAS detector}},
 volume = {05},
 year = {2019}
}

@article{ATLAS:2019wkg,
 archiveprefix = {arXiv},
 author = {Aad, Georges and others},
 collaboration = {ATLAS},
 doi = {10.1103/PhysRevLett.124.031802},
 eprint = {1905.10130},
 journal = {Phys. Rev. Lett.},
 keywords = {A1,atlas},
 number = {3},
 pages = {031802},
 primaryclass = {hep-ex},
 reportnumber = {CERN-EP-2019-084},
 title = {{Search for Magnetic Monopoles and Stable High-Electric-Charge Objects in 13 Tev Proton-Proton Collisions with the ATLAS Detector}},
 volume = {124},
 year = {2020}
}

@article{ATLAS:2019xhj,
 archiveprefix = {arXiv},
 author = {Aaboud, Morad and others},
 collaboration = {ATLAS},
 doi = {10.1007/JHEP10(2019)127},
 eprint = {1905.07163},
 journal = {JHEP},
 keywords = {A1,atlas},
 pages = {127},
 primaryclass = {hep-ex},
 reportnumber = {CERN-EP-2019-066},
 title = {{Measurement of $ZZ$ production in the $\ell\ell\nu\nu$ final state with the ATLAS detector in $pp$ collisions at $\sqrt{s} = 13$ TeV}},
 volume = {10},
 year = {2019}
}

@article{ATLAS:2019xqc,
 archiveprefix = {arXiv},
 author = {Aad, Georges and others},
 collaboration = {ATLAS},
 doi = {10.1103/PhysRevLett.124.082301},
 eprint = {1909.01650},
 journal = {Phys. Rev. Lett.},
 keywords = {A1,atlas},
 number = {8},
 pages = {082301},
 primaryclass = {nucl-ex},
 reportnumber = {CERN-EP-2019-166},
 title = {{Measurement of azimuthal anisotropy of muons from charm and bottom hadrons in $pp$ collisions at $\sqrt{s}=13$ TeV with the ATLAS detector}},
 volume = {124},
 year = {2020}
}

@article{ATLAS:2019yhn,
 archiveprefix = {arXiv},
 author = {Aaboud, Morad and others},
 collaboration = {ATLAS},
 doi = {10.1007/JHEP05(2019)141},
 eprint = {1903.04618},
 journal = {JHEP},
 keywords = {A1,atlas},
 pages = {141},
 primaryclass = {hep-ex},
 reportnumber = {CERN-EP-2019-019},
 title = {{Measurement of VH, $ \mathrm{H}\to \mathrm{b}\overline{\mathrm{b}} $ production as a function of the vector-boson transverse momentum in 13 TeV pp collisions with the ATLAS detector}},
 volume = {05},
 year = {2019}
}

@article{ATLAS:2019zci,
 archiveprefix = {arXiv},
 author = {Aad, Georges and others},
 collaboration = {ATLAS},
 doi = {10.1140/epjc/s10052-020-8001-z},
 eprint = {1912.02844},
 journal = {Eur. Phys. J. C},
 keywords = {A2,atlas},
 number = {7},
 pages = {616},
 primaryclass = {hep-ex},
 reportnumber = {CERN-EP-2019-223},
 title = {{Measurement of the transverse momentum distribution of Drell\textendash{}Yan lepton pairs in proton\textendash{}proton collisions at $\sqrt{s}=13$ TeV with the ATLAS detector}},
 volume = {80},
 year = {2020}
}

@article{ATLAS:2019zrq,
 archiveprefix = {arXiv},
 author = {Aaboud, Morad and others},
 collaboration = {ATLAS},
 doi = {10.1140/epjc/s10052-020-8181-6},
 eprint = {1903.07570},
 journal = {Eur. Phys. J. C},
 keywords = {A2,atlas},
 number = {8},
 pages = {754},
 primaryclass = {hep-ex},
 reportnumber = {CERN-EP-2019-034},
 title = {{Measurements of top-quark pair spin correlations in the $e\mu$ channel at $\sqrt{s} = 13$ TeV using $pp$ collisions in the ATLAS detector}},
 volume = {80},
 year = {2020}
}

@article{ATLAS:2020aci,
 archiveprefix = {arXiv},
 author = {Aad, Georges and others},
 collaboration = {ATLAS},
 doi = {10.1140/epjc/s10052-020-08469-8},
 eprint = {2006.05880},
 journal = {Eur. Phys. J. C},
 keywords = {A2,atlas},
 number = {11},
 pages = {1080},
 primaryclass = {hep-ex},
 reportnumber = {CERN-EP-2020-074},
 title = {{Search for top squarks in events with a Higgs or $Z$ boson using 139 fb$^{-1}$ of $pp$ collision data at $\sqrt{s}=13$ TeV with the ATLAS detector}},
 volume = {80},
 year = {2020}
}

@article{ATLAS:2020atr,
 archiveprefix = {arXiv},
 author = {Aad, Georges and others},
 collaboration = {ATLAS},
 doi = {10.1007/JHEP08(2020)080},
 eprint = {2005.09554},
 journal = {JHEP},
 keywords = {A1,atlas},
 pages = {080},
 primaryclass = {hep-ex},
 reportnumber = {CERN-EP-2020-050},
 title = {{Performance of the missing transverse momentum triggers for the ATLAS detector during Run-2 data taking}},
 volume = {08},
 year = {2020}
}

@article{ATLAS:2020auj,
 archiveprefix = {arXiv},
 author = {Aad, Georges and others},
 collaboration = {ATLAS},
 doi = {10.1140/epjc/s10052-021-09233-2},
 eprint = {2012.00578},
 journal = {Eur. Phys. J. C},
 keywords = {A2,atlas},
 number = {7},
 pages = {578},
 primaryclass = {hep-ex},
 reportnumber = {CERN-EP-2020-199},
 title = {{Muon reconstruction and identification efficiency in ATLAS using the full Run 2 $pp$ collision data set at $\sqrt{s}=13$ TeV}},
 volume = {81},
 year = {2021}
}

@article{ATLAS:2020azv,
 archiveprefix = {arXiv},
 author = {Aad, Georges and others},
 collaboration = {ATLAS},
 doi = {10.1007/JHEP11(2020)163},
 eprint = {2007.14811},
 journal = {JHEP},
 keywords = {A1,atlas},
 pages = {163},
 primaryclass = {hep-ex},
 reportnumber = {CERN-EP-2020-118},
 title = {{Reconstruction and identification of boosted di-$\tau$ systems in a search for Higgs boson pairs using 13 TeV proton-proton collision data in ATLAS}},
 volume = {11},
 year = {2020}
}

@article{ATLAS:2020bbn,
 archiveprefix = {arXiv},
 author = {Aad, Georges and others},
 collaboration = {ATLAS},
 doi = {10.1103/PhysRevLett.124.222002},
 eprint = {2004.03540},
 journal = {Phys. Rev. Lett.},
 keywords = {A1,atlas},
 number = {22},
 pages = {222002},
 primaryclass = {hep-ex},
 reportnumber = {CERN-EP-2020-030},
 title = {{Measurement of the Lund Jet Plane Using Charged Particles in 13 TeV Proton-Proton Collisions with the ATLAS Detector}},
 volume = {124},
 year = {2020}
}

@article{ATLAS:2020bhl,
 archiveprefix = {arXiv},
 author = {Aad, Georges and others},
 collaboration = {ATLAS},
 doi = {10.1140/epjc/s10052-021-09192-8},
 eprint = {2011.08280},
 journal = {Eur. Phys. J. C},
 keywords = {A2,atlas},
 number = {6},
 pages = {537},
 primaryclass = {hep-ex},
 reportnumber = {CERN-EP-2020-195},
 title = {{Measurements of Higgs bosons decaying to bottom quarks from vector boson fusion production with the ATLAS experiment at $\sqrt{s}=13\,\text {TeV}$}},
 volume = {81},
 year = {2021}
}

@article{ATLAS:2020bhu,
 archiveprefix = {arXiv},
 author = {Aad, Georges and others},
 collaboration = {ATLAS},
 doi = {10.1007/JHEP07(2020)124},
 eprint = {2002.07546},
 journal = {JHEP},
 keywords = {A1,atlas},
 pages = {124},
 primaryclass = {hep-ex},
 reportnumber = {CERN-EP-2019-273},
 title = {{Observation of the associated production of a top quark and a $Z$ boson in $pp$ collisions at $\sqrt{s} = 13$ TeV with the ATLAS detector}},
 volume = {07},
 year = {2020}
}

@article{ATLAS:2020ccu,
 archiveprefix = {arXiv},
 author = {Aad, Georges and others},
 collaboration = {ATLAS},
 doi = {10.1007/JHEP01(2021)033},
 eprint = {2006.09274},
 journal = {JHEP},
 keywords = {A1,atlas},
 pages = {033},
 primaryclass = {hep-ex},
 reportnumber = {CERN-EP-2020-063},
 title = {{Measurements of top-quark pair single- and double-differential cross-sections in the all-hadronic channel in $pp$ collisions at $\sqrt{s}=13~\textrm{TeV}$ using the ATLAS detector}},
 volume = {01},
 year = {2021}
}

@article{ATLAS:2020cli,
 archiveprefix = {arXiv},
 author = {Aad, Georges and others},
 collaboration = {ATLAS},
 doi = {10.1140/epjc/s10052-021-09402-3},
 eprint = {2007.02645},
 journal = {Eur. Phys. J. C},
 keywords = {A2,atlas},
 number = {8},
 pages = {689},
 primaryclass = {hep-ex},
 reportnumber = {CERN-EP-2020-083},
 title = {{Jet energy scale and resolution measured in proton\textendash{}proton collisions at $\sqrt{s}=13$~TeV with the ATLAS detector}},
 volume = {81},
 year = {2021}
}

@article{ATLAS:2020cvh,
 archiveprefix = {arXiv},
 author = {Aad, Georges and others},
 collaboration = {ATLAS},
 doi = {10.1007/JHEP03(2021)268},
 eprint = {2010.13651},
 journal = {JHEP},
 keywords = {A1,atlas},
 pages = {268},
 primaryclass = {hep-ex},
 reportnumber = {CERN-EP-2020-179},
 title = {{Search for Higgs boson production in association with a high-energy photon via vector-boson fusion with decay into bottom quark pairs at $\sqrt{s}$=13 TeV with the ATLAS detector}},
 volume = {03},
 year = {2021}
}

@article{ATLAS:2020cwj,
 archiveprefix = {arXiv},
 author = {Aad, Georges and others},
 collaboration = {ATLAS},
 doi = {10.1140/epjc/s10052-021-09371-7},
 eprint = {2007.01554},
 journal = {Eur. Phys. J. C},
 keywords = {A2,atlas},
 number = {8},
 pages = {720},
 primaryclass = {hep-ex},
 reportnumber = {CERN-EP-2019-221},
 title = {{Measurement of single top-quark production in association with a $W$ boson in the single-lepton channel at $\sqrt{s} = 8\,\text {TeV}$ with the ATLAS detector}},
 volume = {81},
 year = {2021}
}

@article{ATLAS:2020dsf,
 archiveprefix = {arXiv},
 author = {Aad, Georges and others},
 collaboration = {ATLAS},
 doi = {10.1140/epjc/s10052-020-8102-8},
 eprint = {2004.14060},
 journal = {Eur. Phys. J. C},
 keywords = {A2,atlas},
 number = {8},
 pages = {737},
 primaryclass = {hep-ex},
 reportnumber = {CERN-EP-2020-044},
 title = {{Search for a scalar partner of the top quark in the all-hadronic $t{\bar{t}}$ plus missing transverse momentum final state at $\sqrt{s}=13$ TeV with the ATLAS detector}},
 volume = {80},
 year = {2020}
}

@article{ATLAS:2020dsk,
 archiveprefix = {arXiv},
 author = {Aad, Georges and others},
 collaboration = {ATLAS},
 doi = {10.1007/JHEP10(2020)112},
 eprint = {2006.05872},
 journal = {JHEP},
 keywords = {A1,atlas},
 pages = {112},
 primaryclass = {hep-ex},
 reportnumber = {CERN-EP-2020-084},
 title = {{Search for pairs of scalar leptoquarks decaying into quarks and electrons or muons in $ \sqrt{s} $ = 13 TeV $pp$ collisions with the ATLAS detector}},
 volume = {10},
 year = {2020}
}

@article{ATLAS:2020epq,
 archiveprefix = {arXiv},
 author = {Aad, Georges and others},
 collaboration = {ATLAS},
 doi = {10.1103/PhysRevC.104.024906},
 eprint = {2011.12211},
 journal = {Phys. Rev. C},
 keywords = {A1,atlas},
 pages = {024906},
 primaryclass = {nucl-ex},
 reportnumber = {CERN-EP-2020-138},
 title = {{Exclusive dimuon production in ultraperipheral Pb+Pb collisions at $\sqrt{s_{\mathrm{NN}}} = 5.02$ TeV with ATLAS}},
 volume = {104},
 year = {2021}
}

@article{ATLAS:2020esi,
 archiveprefix = {arXiv},
 author = {Aad, Georges and others},
 collaboration = {ATLAS},
 doi = {10.1088/1748-0221/15/10/P10004},
 eprint = {2007.12539},
 journal = {JINST},
 keywords = {A3,atlas},
 number = {10},
 pages = {P10004},
 primaryclass = {physics.ins-det},
 reportnumber = {CERN-EP-2020-109},
 title = {{Operation of the ATLAS trigger system in Run 2}},
 volume = {15},
 year = {2020}
}

@article{ATLAS:2020fcp,
 archiveprefix = {arXiv},
 author = {Aad, Georges and others},
 collaboration = {ATLAS},
 doi = {10.1140/epjc/s10052-020-08677-2},
 eprint = {2007.02873},
 journal = {Eur. Phys. J. C},
 keywords = {A2,atlas},
 number = {2},
 pages = {178},
 primaryclass = {hep-ex},
 reportnumber = {CERN-EP-2020-087},
 title = {{Measurements of $WH$ and $ZH$ production in the $H \rightarrow b\bar{b}$ decay channel in $pp$ collisions at 13 TeV with the ATLAS detector}},
 volume = {81},
 year = {2021}
}

@article{ATLAS:2020fgc,
 archiveprefix = {arXiv},
 author = {Aad, Georges and others},
 collaboration = {ATLAS},
 doi = {10.1103/PhysRevLett.126.121802},
 eprint = {2010.06548},
 journal = {Phys. Rev. Lett.},
 keywords = {A1,atlas},
 number = {12},
 pages = {121802},
 primaryclass = {hep-ex},
 reportnumber = {CERN-EP-2020-172},
 title = {{Search for Dark Matter Produced in Association with a Dark Higgs Boson Decaying into $W^\pm W^\mp$ or $ZZ$ in Fully Hadronic Final States from $\sqrt{s}=13$ TeV pp Collisions Recorded with the ATLAS Detector}},
 volume = {126},
 year = {2021}
}

@article{ATLAS:2020fry,
 archiveprefix = {arXiv},
 author = {Aad, Georges and others},
 collaboration = {ATLAS},
 doi = {10.1140/epjc/s10052-020-08554-y},
 eprint = {2004.14636},
 journal = {Eur. Phys. J. C},
 keywords = {A2,atlas},
 number = {12},
 pages = {1165},
 primaryclass = {hep-ex},
 reportnumber = {CERN-EP-2020-049},
 title = {{Search for heavy diboson resonances in semileptonic final states in pp collisions at $\sqrt{s}=13$ TeV with the ATLAS detector}},
 volume = {80},
 year = {2020}
}

@article{ATLAS:2020gty,
 archiveprefix = {arXiv},
 author = {Aad, Georges and others},
 collaboration = {ATLAS},
 doi = {10.1088/1748-0221/15/09/p09015},
 eprint = {2004.13447},
 journal = {JINST},
 keywords = {A3,atlas},
 number = {09},
 pages = {P09015},
 primaryclass = {physics.ins-det},
 reportnumber = {CERN-EP-2020-031},
 title = {{Performance of the ATLAS muon triggers in Run 2}},
 volume = {15},
 year = {2020}
}

@article{ATLAS:2020gwe,
 archiveprefix = {arXiv},
 author = {Aad, Georges and others},
 collaboration = {ATLAS},
 doi = {10.1140/epjc/s10052-021-09054-3},
 eprint = {2009.04986},
 journal = {Eur. Phys. J. C},
 keywords = {A2,atlas},
 number = {4},
 pages = {334},
 primaryclass = {hep-ex},
 reportnumber = {CERN-EP-2020-134},
 title = {{Optimisation of large-radius jet reconstruction for the ATLAS detector in 13 TeV proton\textendash{}proton collisions}},
 volume = {81},
 year = {2021}
}

@article{ATLAS:2020gxx,
 archiveprefix = {arXiv},
 author = {Aad, Georges and others},
 collaboration = {ATLAS},
 doi = {10.1140/epjc/s10052-021-09117-5},
 eprint = {2011.05639},
 journal = {Eur. Phys. J. C},
 keywords = {A2,atlas},
 number = {5},
 pages = {396},
 primaryclass = {hep-ex},
 reportnumber = {CERN-EP-2020-191},
 title = {{Search for a heavy Higgs boson decaying into a Z boson and another heavy Higgs boson in the $\ell \ell bb$ and $\ell \ell WW$ final states in $pp$ collisions at $\sqrt{s}=13$ $\text {TeV}$ with the ATLAS detector}},
 volume = {81},
 year = {2021}
}

@article{ATLAS:2020hii,
 archiveprefix = {arXiv},
 author = {Aad, Georges and others},
 collaboration = {ATLAS},
 doi = {10.1007/JHEP11(2021)050},
 eprint = {2008.05355},
 journal = {JHEP},
 keywords = {A1,atlas},
 note = {[Erratum: JHEP 11, 050 (2021)]},
 pages = {243},
 primaryclass = {hep-ex},
 reportnumber = {CERN-EP-2020-135},
 title = {{Measurement of light-by-light scattering and search for axion-like particles with 2.2 nb$^{-1}$ of Pb+Pb data with the ATLAS detector}},
 volume = {03},
 year = {2021}
}

@article{ATLAS:2020hpj,
 archiveprefix = {arXiv},
 author = {Aad, Georges and others},
 collaboration = {ATLAS},
 doi = {10.1140/epjc/s10052-020-08509-3},
 eprint = {2007.14858},
 journal = {Eur. Phys. J. C},
 keywords = {A2,atlas},
 number = {11},
 pages = {1085},
 primaryclass = {hep-ex},
 reportnumber = {CERN-EP-2020-111},
 title = {{Evidence for $t\bar{t}t\bar{t}$ production in the multilepton final state in proton\textendash{}proton collisions at $\sqrt{s}=13$ $\text {TeV}$ with the ATLAS detector}},
 volume = {80},
 year = {2020}
}

@article{ATLAS:2020ior,
 archiveprefix = {arXiv},
 author = {Aad, Georges and others},
 collaboration = {ATLAS},
 doi = {10.1103/PhysRevLett.125.061802},
 eprint = {2004.04545},
 journal = {Phys. Rev. Lett.},
 keywords = {A1,atlas},
 number = {6},
 pages = {061802},
 primaryclass = {hep-ex},
 reportnumber = {CERN-EP-2020-046},
 title = {{$CP$ Properties of Higgs Boson Interactions with Top Quarks in the $t\bar{t}H$ and $tH$ Processes Using $H \rightarrow \gamma\gamma$ with the ATLAS Detector}},
 volume = {125},
 year = {2020}
}

@article{ATLAS:2020iwa,
 archiveprefix = {arXiv},
 author = {Aad, Georges and others},
 collaboration = {ATLAS},
 doi = {10.1103/PhysRevLett.125.131801},
 eprint = {2005.02983},
 journal = {Phys. Rev. Lett.},
 keywords = {A1,atlas},
 number = {13},
 pages = {131801},
 primaryclass = {hep-ex},
 reportnumber = {CERN-EP-2020-062},
 title = {{Dijet resonance search with weak supervision using $\sqrt{s}=13$ TeV $pp$ collisions in the ATLAS detector}},
 volume = {125},
 year = {2020}
}

@article{ATLAS:2020ixw,
 archiveprefix = {arXiv},
 author = {Aad, Georges and others},
 collaboration = {ATLAS},
 doi = {10.1140/epjc/s10052-020-08700-6},
 eprint = {2007.07624},
 journal = {Eur. Phys. J. C},
 keywords = {A2,atlas},
 number = {12},
 pages = {1194},
 primaryclass = {hep-ex},
 reportnumber = {CERN-EP-2020-108},
 title = {{Alignment of the ATLAS Inner Detector in Run-2}},
 volume = {80},
 year = {2020}
}

@article{ATLAS:2020jeb,
 archiveprefix = {arXiv},
 author = {Aad, Georges and others},
 collaboration = {ATLAS},
 doi = {10.1103/PhysRevLett.125.251802},
 eprint = {2008.05928},
 journal = {Phys. Rev. Lett.},
 keywords = {A1,atlas},
 pages = {251802},
 primaryclass = {hep-ex},
 reportnumber = {CERN-EP-2020-128, CERN preprint ID: CERN-EP-2020-128},
 title = {{Search for heavy resonances decaying into a photon and a hadronically decaying Higgs boson in $pp$ collisions at $\sqrt{s}=13$ TeV with the ATLAS detector}},
 volume = {125},
 year = {2020}
}

@article{ATLAS:2020jgy,
 archiveprefix = {arXiv},
 author = {Aad, Georges and others},
 collaboration = {ATLAS},
 doi = {10.1007/JHEP07(2020)108},
 eprint = {2001.05178},
 journal = {JHEP},
 keywords = {A1,atlas},
 note = {[Erratum: JHEP 01, 145 (2021), Erratum: JHEP 05, 207 (2021)]},
 pages = {108},
 primaryclass = {hep-ex},
 reportnumber = {CERN-EP-2019-267},
 title = {{Search for the $HH \rightarrow b \bar{b} b \bar{b}$ process via vector-boson fusion production using proton-proton collisions at $\sqrt{s} = 13$ TeV with the ATLAS detector}},
 volume = {07},
 year = {2020}
}

@article{ATLAS:2020juj,
 archiveprefix = {arXiv},
 author = {Aad, Georges and others},
 collaboration = {ATLAS},
 doi = {10.1007/JHEP07(2020)044},
 eprint = {2003.11960},
 journal = {JHEP},
 keywords = {A1,atlas},
 pages = {044},
 primaryclass = {hep-ex},
 reportnumber = {CERN-EP-2020-022},
 title = {{Measurements of the production cross-section for a $Z$ boson in association with $b$-jets in proton-proton collisions at $\sqrt{s} = 13$ TeV with the ATLAS detector}},
 volume = {07},
 year = {2020}
}

@article{ATLAS:2020lbz,
 archiveprefix = {arXiv},
 author = {Aad, Georges and others},
 collaboration = {ATLAS},
 doi = {10.1140/epjc/s10052-021-09011-0},
 eprint = {2001.07115},
 journal = {Eur. Phys. J. C},
 keywords = {A2,atlas},
 number = {4},
 pages = {342},
 primaryclass = {hep-ex},
 reportnumber = {CERN-EP-2019-218},
 title = {{Measurement of the $CP$-violating phase $\phi_s$ in $B^0_s \to J/\psi\phi$ decays in ATLAS at 13 TeV}},
 volume = {81},
 year = {2021}
}

@article{ATLAS:2020lks,
 archiveprefix = {arXiv},
 author = {Aad, Georges and others},
 collaboration = {ATLAS},
 doi = {10.1007/JHEP10(2020)061},
 eprint = {2005.05138},
 journal = {JHEP},
 keywords = {A1,atlas},
 pages = {061},
 primaryclass = {hep-ex},
 reportnumber = {CERN-EP-2020-055},
 title = {{Search for $ t\overline{t} $ resonances in fully hadronic final states in $pp$ collisions at $ \sqrt{s} $ = 13 TeV with the ATLAS detector}},
 volume = {10},
 year = {2020}
}

@article{ATLAS:2020mve,
 archiveprefix = {arXiv},
 author = {Aad, Georges and others},
 collaboration = {ATLAS},
 doi = {10.1103/PhysRevLett.125.261801},
 eprint = {2009.14537},
 journal = {Phys. Rev. Lett.},
 keywords = {A1,atlas},
 number = {26},
 pages = {261801},
 primaryclass = {hep-ex},
 reportnumber = {CERN-EP-2020-167},
 title = {{Observation and Measurement of Forward Proton Scattering in Association with Lepton Pairs Produced via the Photon Fusion Mechanism at ATLAS}},
 volume = {125},
 year = {2020}
}

@article{ATLAS:2020nlt,
 archiveprefix = {arXiv},
 author = {Aad, Georges and others},
 collaboration = {ATLAS},
 doi = {10.1038/s41567-022-01757-y},
 eprint = {2004.10612},
 journal = {Nature Phys.},
 keywords = {A1,atlas},
 number = {2},
 pages = {237--253},
 primaryclass = {hep-ex},
 reportnumber = {CERN-EP-2020-016},
 title = {{Observation of electroweak production of two jets and a Z-boson pair}},
 volume = {19},
 year = {2023}
}

@article{ATLAS:2020nzk,
 archiveprefix = {arXiv},
 author = {Aad, Georges and others},
 collaboration = {ATLAS},
 doi = {10.1140/epjc/s10052-020-08734-w},
 eprint = {2006.15458},
 journal = {Eur. Phys. J. C},
 keywords = {A2,atlas},
 number = {2},
 pages = {163},
 primaryclass = {hep-ex},
 reportnumber = {CERN-EP-2020-045},
 title = {{Differential cross-section measurements for the electroweak production of dijets in association with a $Z$ boson in proton\textendash{}proton collisions at ATLAS}},
 volume = {81},
 year = {2021}
}

@article{ATLAS:2020osu,
 archiveprefix = {arXiv},
 author = {Aad, Georges and others},
 collaboration = {ATLAS},
 doi = {10.1088/1748-0221/15/11/P11016},
 eprint = {2005.04179},
 journal = {JINST},
 keywords = {A3,atlas},
 number = {11},
 pages = {P11016},
 primaryclass = {physics.ins-det},
 reportnumber = {CERN-EP-2020-042},
 title = {{Performance of the upgraded PreProcessor of the ATLAS Level-1 Calorimeter Trigger}},
 volume = {15},
 year = {2020}
}

@article{ATLAS:2020pcy,
 archiveprefix = {arXiv},
 author = {Aad, Georges and others},
 collaboration = {ATLAS},
 doi = {10.1103/PhysRevLett.125.221802},
 eprint = {2004.01678},
 journal = {Phys. Rev. Lett.},
 keywords = {A1,atlas},
 number = {22},
 pages = {221802},
 primaryclass = {hep-ex},
 reportnumber = {CERN-EP-2020-033},
 title = {{Search for Higgs Boson Decays into a $Z$ Boson and a Light Hadronically Decaying Resonance Using 13 TeV $pp$ Collision Data from the ATLAS Detector}},
 volume = {125},
 year = {2020}
}

@article{ATLAS:2020pgy,
 archiveprefix = {arXiv},
 author = {Aad, Georges and others},
 collaboration = {ATLAS},
 doi = {10.1140/epjc/s10052-020-8050-3},
 eprint = {1909.09226},
 journal = {Eur. Phys. J. C},
 keywords = {A2,atlas},
 number = {8},
 pages = {691},
 primaryclass = {hep-ex},
 reportnumber = {CERN-EP-2019-188},
 title = {{Search for direct production of electroweakinos in final states with one lepton, missing transverse momentum and a Higgs boson decaying into two $b$-jets in $pp$ collisions at $\sqrt{s}=13$ TeV with the ATLAS detector}},
 volume = {80},
 year = {2020}
}

@article{ATLAS:2020qlk,
 archiveprefix = {arXiv},
 author = {Aad, Georges and others},
 collaboration = {ATLAS},
 doi = {10.1007/JHEP10(2020)005},
 eprint = {2004.10894},
 journal = {JHEP},
 keywords = {A1,atlas},
 pages = {005},
 primaryclass = {hep-ex},
 reportnumber = {CERN-EP-2019-204},
 title = {{Search for direct production of electroweakinos in final states with missing transverse momentum and a Higgs boson decaying into photons in pp collisions at $ \sqrt{s} $ = 13 TeV with the ATLAS detector}},
 volume = {10},
 year = {2020}
}

@article{ATLAS:2020rej,
 archiveprefix = {arXiv},
 author = {Aad, Georges and others},
 collaboration = {ATLAS},
 doi = {10.1140/epjc/s10052-020-8227-9},
 eprint = {2004.03447},
 journal = {Eur. Phys. J. C},
 keywords = {A2,atlas},
 note = {[Erratum: Eur.Phys.J.C 81, 29 (2021), Erratum: Eur.Phys.J.C 81, 398 (2021)]},
 number = {10},
 pages = {957},
 primaryclass = {hep-ex},
 reportnumber = {CERN-EP-2020-034},
 title = {{Higgs boson production cross-section measurements and their EFT interpretation in the $4\ell $ decay channel at $\sqrt{s}=$13 TeV with the ATLAS detector}},
 volume = {80},
 year = {2020}
}

@article{ATLAS:2020sgl,
 archiveprefix = {arXiv},
 author = {Aad, Georges and others},
 collaboration = {ATLAS},
 doi = {10.1103/PhysRevLett.126.122301},
 eprint = {2001.04201},
 journal = {Phys. Rev. Lett.},
 keywords = {A1,atlas},
 number = {12},
 pages = {122301},
 primaryclass = {nucl-ex},
 reportnumber = {CERN-EP-2019-275},
 title = {{Longitudinal Flow Decorrelations in Xe+Xe Collisions at $\sqrt{s_{\mathrm{NN}}}=5.44$  TeV with the ATLAS Detector}},
 volume = {126},
 year = {2021}
}

@article{ATLAS:2020syg,
 archiveprefix = {arXiv},
 author = {Aad, Georges and others},
 collaboration = {ATLAS},
 doi = {10.1007/JHEP02(2021)143},
 eprint = {2010.14293},
 journal = {JHEP},
 keywords = {A1,atlas},
 pages = {143},
 primaryclass = {hep-ex},
 reportnumber = {CERN-EP-2020-166},
 title = {{Search for squarks and gluinos in final states with jets and missing transverse momentum using 139 fb$^{-1}$ of $\sqrt{s}$ =13 TeV $pp$ collision data with the ATLAS detector}},
 volume = {02},
 year = {2021}
}

@article{ATLAS:2020tlo,
 archiveprefix = {arXiv},
 author = {Aad, Georges and others},
 collaboration = {ATLAS},
 doi = {10.1140/epjc/s10052-021-09013-y},
 eprint = {2009.14791},
 journal = {Eur. Phys. J. C},
 keywords = {A2,atlas},
 number = {4},
 pages = {332},
 primaryclass = {hep-ex},
 reportnumber = {CERN-EP-2020-153},
 title = {{Search for heavy resonances decaying into a pair of Z bosons in the $\ell ^+\ell ^-\ell '^+\ell '^-$ and $\ell ^+\ell ^-\nu {{\bar{\nu }}}$ final states using 139 $\mathrm {fb}^{-1}$ of proton\textendash{}proton collisions at $\sqrt{s} = 13\,$TeV with the ATLAS detector}},
 volume = {81},
 year = {2021}
}

@article{ATLAS:2020uiq,
 archiveprefix = {arXiv},
 author = {Aad, Georges and others},
 collaboration = {ATLAS},
 doi = {10.1007/JHEP02(2021)226},
 eprint = {2011.05259},
 journal = {JHEP},
 keywords = {A1,atlas},
 pages = {226},
 primaryclass = {hep-ex},
 reportnumber = {CERN-EP-2020-178},
 title = {{Search for dark matter in association with an energetic photon in $pp$ collisions at $\sqrt{s}$ = 13 TeV with the ATLAS detector}},
 volume = {02},
 year = {2021}
}

@article{ATLAS:2020vup,
 archiveprefix = {arXiv},
 author = {Aad, Georges and others},
 collaboration = {ATLAS},
 doi = {10.1007/JHEP01(2021)188},
 eprint = {2007.12600},
 journal = {JHEP},
 keywords = {A1,atlas},
 note = {[Erratum: JHEP 12, 053 (2021)]},
 pages = {188},
 primaryclass = {hep-ex},
 reportnumber = {CERN-EP-2020-077},
 title = {{Measurement of hadronic event shapes in high-p$_{T}$ multijet final states at $ \sqrt{s} $ = 13 TeV with the ATLAS detector}},
 volume = {01},
 year = {2021}
}

@article{ATLAS:2020wgq,
 archiveprefix = {arXiv},
 author = {Aad, Georges and others},
 collaboration = {ATLAS},
 doi = {10.1140/epjc/s10052-020-08730-0},
 eprint = {2010.01015},
 journal = {Eur. Phys. J. C},
 keywords = {A2,atlas},
 note = {[Erratum: Eur.Phys.J.C 81, 249 (2021)]},
 number = {1},
 pages = {11},
 primaryclass = {hep-ex},
 reportnumber = {CERN-EP-2020-147},
 title = {{Search for phenomena beyond the Standard Model in events with large $b$-jet multiplicity using the ATLAS detector at the LHC}},
 volume = {81},
 year = {2021}
}

@article{ATLAS:2020wjh,
 archiveprefix = {arXiv},
 author = {Aad, Georges and others},
 collaboration = {ATLAS},
 doi = {10.1103/PhysRevLett.127.051802},
 eprint = {2011.07812},
 journal = {Phys. Rev. Lett.},
 keywords = {A1,atlas},
 number = {5},
 pages = {051802},
 primaryclass = {hep-ex},
 reportnumber = {CERN-EP-2020-205},
 title = {{Search for Displaced Leptons in $\sqrt{s} = 13$ TeV $pp$ Collisions with the ATLAS Detector}},
 volume = {127},
 year = {2021}
}

@article{ATLAS:2020wmg,
 archiveprefix = {arXiv},
 author = {Aad, Georges and others},
 collaboration = {ATLAS},
 doi = {10.1103/PhysRevLett.126.072301},
 eprint = {2008.09811},
 journal = {Phys. Rev. Lett.},
 keywords = {A1,atlas},
 number = {7},
 pages = {072301},
 primaryclass = {nucl-ex},
 reportnumber = {CERN-EP-2020-148},
 title = {{Medium-Induced Modification of $Z$-Tagged Charged Particle Yields in $Pb+Pb$ Collisions at 5.02 TeV with the ATLAS Detector}},
 volume = {126},
 year = {2021}
}

@article{ATLAS:2020wny,
 archiveprefix = {arXiv},
 author = {Aad, Georges and others},
 collaboration = {ATLAS},
 doi = {10.1140/epjc/s10052-020-8223-0},
 eprint = {2004.03969},
 journal = {Eur. Phys. J. C},
 keywords = {A2,atlas},
 number = {10},
 pages = {942},
 primaryclass = {hep-ex},
 reportnumber = {CERN-EP-2020-035},
 title = {{Measurements of the Higgs boson inclusive and differential fiducial cross sections in the 4$\ell $ decay channel at $\sqrt{s}$ = 13 TeV}},
 volume = {80},
 year = {2020}
}

@article{ATLAS:2020wop,
 archiveprefix = {arXiv},
 author = {Aad, Georges and others},
 collaboration = {ATLAS},
 doi = {10.1140/epjc/s10052-021-08929-9},
 eprint = {2008.07949},
 journal = {Eur. Phys. J. C},
 keywords = {A2,atlas},
 number = {3},
 pages = {218},
 primaryclass = {hep-ex},
 reportnumber = {CERN-EP-2020-130},
 title = {{Search for type-III seesaw heavy leptons in dilepton final states in $pp$ collisions at $\sqrt{s}$ = 13 TeV with the ATLAS detector}},
 volume = {81},
 year = {2021}
}

@article{ATLAS:2020xea,
 archiveprefix = {arXiv},
 author = {Aad, Georges and others},
 collaboration = {ATLAS},
 doi = {10.1038/s41567-021-01236-w},
 eprint = {2007.14040},
 journal = {Nature Phys.},
 keywords = {A1,atlas},
 number = {7},
 pages = {813--818},
 primaryclass = {hep-ex},
 reportnumber = {CERN-EP-2020-139},
 title = {{Test of the universality of $\tau$ and $\mu$ lepton couplings in $W$-boson decays with the ATLAS detector}},
 volume = {17},
 year = {2021}
}

@article{ATLAS:2020xgt,
 archiveprefix = {arXiv},
 author = {Aad, Georges and others},
 collaboration = {ATLAS},
 doi = {10.1007/JHEP10(2020)062},
 eprint = {2008.06032},
 journal = {JHEP},
 keywords = {A1,atlas},
 pages = {062},
 primaryclass = {hep-ex},
 reportnumber = {CERN-EP-2020-123},
 title = {{Search for new phenomena in final states with large jet multiplicities and missing transverse momentum using $ \sqrt{s} $ = 13 TeV proton-proton collisions recorded by ATLAS in Run 2 of the LHC}},
 volume = {10},
 year = {2020}
}

@article{ATLAS:2020xov,
 archiveprefix = {arXiv},
 author = {Aad, Georges and others},
 collaboration = {ATLAS},
 doi = {10.1140/epjc/s10052-021-09009-8},
 eprint = {2010.02098},
 journal = {Eur. Phys. J. C},
 keywords = {A2,atlas},
 number = {4},
 pages = {313},
 primaryclass = {hep-ex},
 reportnumber = {CERN-EP-2020-160},
 title = {{Search for pair production of scalar leptoquarks decaying into first- or second-generation leptons and top quarks in proton\textendash{}proton collisions at $\sqrt{s}$ = 13 TeV with the ATLAS detector}},
 volume = {81},
 year = {2021}
}

@article{ATLAS:2020xzu,
 archiveprefix = {arXiv},
 author = {Aad, Georges and others},
 collaboration = {ATLAS},
 doi = {10.1007/JHEP04(2021)174},
 eprint = {2012.03799},
 journal = {JHEP},
 keywords = {A1,atlas},
 pages = {174},
 primaryclass = {hep-ex},
 reportnumber = {CERN-EP-2020-177},
 title = {{Search for new phenomena with top quark pairs in final states with one lepton, jets, and missing transverse momentum in $pp$ collisions at $ \sqrt{s} $ = 13 TeV with the ATLAS detector}},
 volume = {04},
 year = {2021}
}

@article{ATLAS:2020yat,
 archiveprefix = {arXiv},
 author = {Aad, Georges and others},
 collaboration = {ATLAS},
 doi = {10.1007/JHEP11(2020)005},
 eprint = {2006.12946},
 journal = {JHEP},
 keywords = {A1,atlas},
 note = {[Erratum: JHEP 04, 142 (2021)]},
 pages = {005},
 primaryclass = {hep-ex},
 reportnumber = {CERN-EP-2020-066},
 title = {{Search for new non-resonant phenomena in high-mass dilepton final states with the ATLAS detector}},
 volume = {11},
 year = {2020}
}

@article{ATLAS:2020yrp,
 archiveprefix = {arXiv},
 author = {Aad, Georges and others},
 collaboration = {ATLAS},
 doi = {10.1007/JHEP09(2020)049},
 eprint = {2007.06946},
 journal = {JHEP},
 keywords = {A1,atlas},
 pages = {049},
 primaryclass = {hep-ex},
 reportnumber = {CERN-EP-2020-100},
 title = {{Measurements of inclusive and differential cross-sections of combined $ t\overline{t}\gamma $ and $tW\gamma$ production in the e$\mu$ channel at 13 TeV with the ATLAS detector}},
 volume = {09},
 year = {2020}
}

@article{ATLAS:2020yzc,
 archiveprefix = {arXiv},
 author = {Aad, Georges and others},
 collaboration = {ATLAS},
 doi = {10.1140/epjc/s10052-021-09566-y},
 eprint = {2011.09308},
 journal = {Eur. Phys. J. C},
 keywords = {A2,atlas},
 pages = {860},
 primaryclass = {hep-ex},
 reportnumber = {CERN-EP-2020-184},
 title = {{Search for dark matter produced in association with a single top quark in $\sqrt{s}=13$~TeV $pp$ collisions with the ATLAS detector}},
 volume = {81},
 year = {2021}
}

@article{ATLAS:2020zlz,
 archiveprefix = {arXiv},
 author = {Aad, Georges and others},
 collaboration = {ATLAS},
 doi = {10.1038/s41567-021-01225-z},
 eprint = {2010.02566},
 journal = {Nature Phys.},
 keywords = {A1,atlas},
 number = {7},
 pages = {819--825},
 primaryclass = {hep-ex},
 reportnumber = {CERN-EP-2020-163},
 title = {{Search for charged-lepton-flavour violation in $Z$-boson decays with the ATLAS detector}},
 volume = {17},
 year = {2021}
}

@article{ATLAS:2020zms,
 archiveprefix = {arXiv},
 author = {Aad, Georges and others},
 collaboration = {ATLAS},
 doi = {10.1103/PhysRevLett.125.051801},
 eprint = {2002.12223},
 journal = {Phys. Rev. Lett.},
 keywords = {A1,atlas},
 number = {5},
 pages = {051801},
 primaryclass = {hep-ex},
 reportnumber = {CERN-EP-2020-014},
 title = {{Search for heavy Higgs bosons decaying into two tau leptons with the ATLAS detector using $pp$ collisions at $\sqrt{s}=13$ TeV}},
 volume = {125},
 year = {2020}
}

@article{ATLAS:2020zzb,
 archiveprefix = {arXiv},
 author = {Aad, Georges and others},
 collaboration = {ATLAS},
 doi = {10.1007/JHEP06(2020)151},
 eprint = {2002.11325},
 journal = {JHEP},
 keywords = {A1,atlas},
 pages = {151},
 primaryclass = {hep-ex},
 reportnumber = {CERN-EP-2019-276},
 title = {{Search for dijet resonances in events with an isolated charged lepton using $\sqrt{s} = 13$ TeV proton-proton collision data collected by the ATLAS detector}},
 volume = {06},
 year = {2020}
}

@article{ATLAS:2021agf,
 archiveprefix = {arXiv},
 author = {Aad, Georges and others},
 collaboration = {ATLAS},
 doi = {10.1007/JHEP12(2021)131},
 eprint = {2108.11650},
 journal = {JHEP},
 keywords = {A1,atlas},
 pages = {131},
 primaryclass = {hep-ex},
 reportnumber = {CERN-EP-2021-123},
 title = {{Measurement of $b$-quark fragmentation properties in jets using the decay $B^{\pm} \to J/\psi K^{\pm}$ in $pp$ collisions at $ \sqrt{s} $ = 13 TeV with the ATLAS detector}},
 volume = {12},
 year = {2021}
}

@article{ATLAS:2021amo,
 archiveprefix = {arXiv},
 author = {Aad, Georges and others},
 collaboration = {ATLAS},
 doi = {10.1140/epjc/s10052-022-10182-7},
 eprint = {2112.01302},
 journal = {Eur. Phys. J. C},
 keywords = {A2,atlas},
 number = {4},
 pages = {334},
 primaryclass = {hep-ex},
 reportnumber = {CERN-EP-2021-234},
 title = {{Search for flavour-changing neutral-current interactions of a top quark and a gluon in pp collisions at $\sqrt{s}=13$~TeV with the ATLAS detector}},
 volume = {82},
 year = {2022}
}

@article{ATLAS:2021bdj,
 archiveprefix = {arXiv},
 author = {Aad, Georges and others},
 collaboration = {ATLAS},
 doi = {10.1103/PhysRevLett.127.271801},
 eprint = {2105.12491},
 journal = {Phys. Rev. Lett.},
 keywords = {A1,atlas},
 pages = {271801},
 primaryclass = {hep-ex},
 reportnumber = {CERN-EP-2021-067},
 title = {{Search for lepton-flavor-violation in $Z$-boson decays with $\tau$-leptons with the ATLAS detector}},
 volume = {127},
 year = {2022}
}

@article{ATLAS:2021cxe,
 archiveprefix = {arXiv},
 author = {Aad, Georges and others},
 collaboration = {ATLAS},
 doi = {10.1140/epjc/s10052-021-09843-w},
 eprint = {2109.10627},
 journal = {Eur. Phys. J. C},
 keywords = {A2,atlas},
 number = {1},
 pages = {95},
 primaryclass = {hep-ex},
 reportnumber = {CERN-EP-2021-166},
 title = {{Measurement of the c-jet mistagging efficiency in $t\bar{t}$~events using pp collision data at $\sqrt{s}=13$~$\text {TeV}$ collected with the ATLAS detector}},
 volume = {82},
 year = {2022}
}

@article{ATLAS:2021dqb,
 archiveprefix = {arXiv},
 author = {Aad, Georges and others},
 collaboration = {ATLAS},
 doi = {10.1140/epjc/s10052-022-10101-w},
 eprint = {2110.05453},
 journal = {Eur. Phys. J. C},
 keywords = {A2,atlas},
 number = {4},
 pages = {374},
 primaryclass = {hep-ex},
 reportnumber = {CERN-EP-2021-181},
 title = {{Measurement of the energy asymmetry in $t{\bar{t}}j$ production at $13\,$TeV with the ATLAS experiment and interpretation in the SMEFT framework}},
 volume = {82},
 year = {2022}
}

@article{ATLAS:2021edm,
 archiveprefix = {arXiv},
 author = {Aad, Georges and others},
 collaboration = {ATLAS},
 doi = {10.1007/JHEP01(2022)063},
 eprint = {2109.02447},
 journal = {JHEP},
 keywords = {A1,atlas},
 pages = {063},
 primaryclass = {hep-ex},
 reportnumber = {CERN-EP-2021-098},
 title = {{Search for exotic decays of the Higgs boson into b$ \overline{b} $ and missing transverse momentum in pp collisions at $ \sqrt{s} $ = 13 TeV with the ATLAS detector}},
 volume = {01},
 year = {2022}
}

@article{ATLAS:2021epk,
 archiveprefix = {arXiv},
 author = {Aad, Georges and others},
 collaboration = {ATLAS},
 doi = {10.1140/epjc/s10052-022-10117-2},
 eprint = {2108.09043},
 journal = {Eur. Phys. J. C},
 keywords = {A2,atlas},
 number = {3},
 pages = {223},
 primaryclass = {hep-ex},
 reportnumber = {CERN-EP-2021-147},
 title = {{Measurement of the energy response of the ATLAS~calorimeter to charged~pions from $W^{\pm }\rightarrow \tau ^{\pm }(\rightarrow \pi ^{\pm }\nu _{\tau })\nu _{\tau }$ events in Run~2 data}},
 volume = {82},
 year = {2022}
}

@article{ATLAS:2021fbt,
 archiveprefix = {arXiv},
 author = {Aad, Georges and others},
 collaboration = {ATLAS},
 doi = {10.1140/epjc/s10052-021-09761-x},
 eprint = {2106.09609},
 journal = {Eur. Phys. J. C},
 keywords = {A2,atlas},
 number = {11},
 pages = {1023},
 primaryclass = {hep-ex},
 reportnumber = {CERN-EP-2021-066},
 title = {{Search for R-parity-violating supersymmetry in a final state containing leptons and many jets with the ATLAS experiment using $\sqrt{s} = 13 { TeV}$ proton\textendash{}proton collision data}},
 volume = {81},
 year = {2021}
}

@article{ATLAS:2021fzm,
 archiveprefix = {arXiv},
 author = {Aad, Georges and others},
 collaboration = {ATLAS},
 doi = {10.1140/epjc/s10052-021-09439-4},
 eprint = {2103.12603},
 journal = {Eur. Phys. J. C},
 keywords = {A2,atlas},
 number = {8},
 pages = {737},
 primaryclass = {hep-ex},
 reportnumber = {CERN-EP-2021-01},
 title = {{Measurements of the inclusive and differential production cross sections of a top-quark\textendash{}antiquark pair in association with a Z~boson at $\sqrt{s} = 13$~TeV with the ATLAS detector}},
 volume = {81},
 year = {2021}
}

@article{ATLAS:2021gld,
 archiveprefix = {arXiv},
 author = {Aad, Georges and others},
 collaboration = {ATLAS},
 doi = {10.1088/1748-0221/16/08/P08025},
 eprint = {2106.09287},
 journal = {JINST},
 keywords = {A3,atlas},
 pages = {P08025},
 primaryclass = {hep-ex},
 reportnumber = {CERN-EP-2021-055},
 title = {{Measurements of sensor radiation damage in the ATLAS inner detector using leakage currents}},
 volume = {16},
 year = {2021}
}

@article{ATLAS:2021hza,
 archiveprefix = {arXiv},
 author = {Aad, Georges and others},
 collaboration = {ATLAS},
 doi = {10.1007/JHEP04(2021)165},
 eprint = {2102.01444},
 journal = {JHEP},
 keywords = {A1,atlas},
 pages = {165},
 primaryclass = {hep-ex},
 reportnumber = {CERN-EP-2020-243},
 title = {{Search for new phenomena in events with two opposite-charge leptons, jets and missing transverse momentum in pp collisions at $ \sqrt{\mathrm{s}} $ = 13 TeV with the ATLAS detector}},
 volume = {04},
 year = {2021}
}

@article{ATLAS:2021jbf,
 archiveprefix = {arXiv},
 author = {Aad, Georges and others},
 collaboration = {ATLAS},
 doi = {10.1007/JHEP10(2021)013},
 eprint = {2104.13240},
 journal = {JHEP},
 keywords = {A1,atlas},
 pages = {013},
 primaryclass = {hep-ex},
 reportnumber = {CERN-EP-2021-012},
 title = {{Search for dark matter in events with missing transverse momentum and a Higgs boson decaying into two photons in pp collisions at $ \sqrt{s} $ = 13 TeV with the ATLAS detector}},
 volume = {10},
 year = {2021}
}

@article{ATLAS:2021jgw,
 archiveprefix = {arXiv},
 author = {Aad, Georges and others},
 collaboration = {ATLAS},
 doi = {10.1007/JHEP06(2021)003},
 eprint = {2103.10319},
 journal = {JHEP},
 keywords = {A1,atlas},
 pages = {003},
 primaryclass = {hep-ex},
 reportnumber = {CERN-EP-2021-030},
 title = {{Measurements of $W^+W^-+\ge 1~$jet production cross-sections in $pp$ collisions at $\sqrt{s}=13~$TeV with the ATLAS detector}},
 volume = {06},
 year = {2021}
}

@article{ATLAS:2021jhn,
 archiveprefix = {arXiv},
 author = {Aad, Georges and others},
 collaboration = {ATLAS},
 doi = {10.1103/PhysRevC.104.014903},
 eprint = {2101.10771},
 journal = {Phys. Rev. C},
 keywords = {A1,atlas},
 number = {1},
 pages = {014903},
 primaryclass = {nucl-ex},
 reportnumber = {CERN-EP-2020-246},
 title = {{Two-particle azimuthal correlations in photonuclear ultraperipheral Pb+Pb collisions at 5.02 TeV with ATLAS}},
 volume = {104},
 year = {2021}
}

@article{ATLAS:2021jig,
 archiveprefix = {arXiv},
 author = {Aad, Georges and others},
 collaboration = {ATLAS},
 doi = {10.1007/JHEP11(2021)229},
 eprint = {2107.06092},
 journal = {JHEP},
 keywords = {A1,atlas},
 pages = {229},
 primaryclass = {hep-ex},
 title = {{Search for exotic decays of the Higgs boson into long-lived particles in $pp$ collisions at $ \sqrt{s} $ = 13 TeV using displaced vertices in the ATLAS inner detector}},
 volume = {11},
 year = {2021}
}

@article{ATLAS:2021jol,
 archiveprefix = {arXiv},
 author = {Aad, Georges and others},
 collaboration = {ATLAS},
 doi = {10.1007/JHEP06(2021)146},
 eprint = {2101.11961},
 journal = {JHEP},
 keywords = {A1,atlas},
 pages = {146},
 primaryclass = {hep-ex},
 reportnumber = {CERN-EP-2020-240},
 title = {{Search for doubly and singly charged Higgs bosons decaying into vector bosons in multi-lepton final states with the ATLAS detector using proton-proton collisions at $ \sqrt{\mathrm{s}} $ = 13 TeV}},
 volume = {06},
 year = {2021}
}

@article{ATLAS:2021kog,
 archiveprefix = {arXiv},
 author = {Aad, Georges and others},
 collaboration = {ATLAS},
 doi = {10.1007/JHEP07(2021)005},
 eprint = {2103.01918},
 journal = {JHEP},
 keywords = {A1,atlas},
 pages = {005},
 primaryclass = {hep-ex},
 reportnumber = {CERN-EP-2021-019},
 title = {{Measurements of differential cross-sections in four-lepton events in 13 TeV proton-proton collisions with the ATLAS detector}},
 volume = {07},
 year = {2021}
}

@article{ATLAS:2021kqb,
 archiveprefix = {arXiv},
 author = {Aad, Georges and others},
 collaboration = {ATLAS},
 doi = {10.1007/JHEP11(2021)118},
 eprint = {2106.11683},
 journal = {JHEP},
 keywords = {A1,atlas},
 pages = {118},
 primaryclass = {hep-ex},
 reportnumber = {CERN-EP-2021-075},
 title = {{Measurement of the t$ \overline{t} $t$ \overline{t} $ production cross section in $pp$ collisions at $ \sqrt{s} $ = 13 TeV with the ATLAS detector}},
 volume = {11},
 year = {2021}
}

@article{ATLAS:2021ktw,
 archiveprefix = {arXiv},
 author = {Aad, Georges and others},
 collaboration = {ATLAS},
 doi = {10.1103/PhysRevC.105.064903},
 eprint = {2111.06606},
 journal = {Phys. Rev. C},
 keywords = {A1,atlas},
 number = {6},
 pages = {064903},
 primaryclass = {nucl-ex},
 reportnumber = {CERN-EP-2021-218},
 title = {{Measurements of azimuthal anisotropies of jet production in Pb+Pb collisions at $\sqrt{s_{NN}} =$ 5.02 TeV with the ATLAS detector}},
 volume = {105},
 year = {2022}
}

@article{ATLAS:2021ldb,
 archiveprefix = {arXiv},
 author = {Aad, Georges and others},
 collaboration = {ATLAS},
 doi = {10.1007/JHEP03(2022)041},
 eprint = {2110.13673},
 journal = {JHEP},
 keywords = {A1,atlas},
 pages = {041},
 primaryclass = {hep-ex},
 reportnumber = {CERN-EP-2021-193},
 title = {{Search for Higgs bosons decaying into new spin-0 or spin-1 particles in four-lepton final states with the ATLAS detector with 139 fb$^{-1}$ of $pp$ collision data at $\sqrt{s}=13$ TeV}},
 volume = {03},
 year = {2022}
}

@article{ATLAS:2021lws,
 archiveprefix = {arXiv},
 author = {Aad, Georges and others},
 collaboration = {ATLAS},
 doi = {10.1140/epjc/s10052-021-09920-0},
 eprint = {2107.02485},
 journal = {Eur. Phys. J. C},
 keywords = {A2,atlas},
 number = {3},
 pages = {206},
 primaryclass = {hep-ex},
 reportnumber = {CERN-EP-2021-076},
 title = {{The ATLAS inner detector trigger performance in pp collisions at 13~TeV during LHC Run 2}},
 volume = {82},
 year = {2022}
}

@article{ATLAS:2021mbt,
 archiveprefix = {arXiv},
 author = {Aad, Georges and others},
 collaboration = {ATLAS},
 doi = {10.1007/JHEP11(2021)169},
 eprint = {2107.09330},
 journal = {JHEP},
 keywords = {A1,atlas},
 pages = {169},
 primaryclass = {hep-ex},
 reportnumber = {CERN-EP-2021-105},
 title = {{Measurement of the production cross section of pairs of isolated photons in $pp$ collisions at 13 TeV with the ATLAS detector}},
 volume = {11},
 year = {2021}
}

@article{ATLAS:2021mdj,
 archiveprefix = {arXiv},
 author = {Aad, Georges and others},
 collaboration = {ATLAS},
 doi = {10.1007/JHEP07(2021)173},
 eprint = {2104.03050},
 journal = {JHEP},
 keywords = {A1,atlas},
 pages = {173},
 primaryclass = {hep-ex},
 reportnumber = {CERN-EP-2021-041},
 title = {{A search for the decays of stopped long-lived particles at $ \sqrt{\mathrm{s}} $ = 13 TeV with the ATLAS detector}},
 volume = {07},
 year = {2021}
}

@article{ATLAS:2021mla,
 archiveprefix = {arXiv},
 author = {Aad, Georges and others},
 collaboration = {ATLAS},
 doi = {10.1103/PhysRevLett.127.141801},
 eprint = {2105.13847},
 journal = {Phys. Rev. Lett.},
 keywords = {A1,atlas},
 number = {14},
 pages = {141801},
 primaryclass = {hep-ex},
 reportnumber = {CERN-EP-2021-065},
 title = {{Search for New Phenomena in Final States with Two Leptons and One or No $b$-Tagged Jets at $\sqrt{s} = 13$ TeV Using the ATLAS Detector}},
 volume = {127},
 year = {2021}
}

@article{ATLAS:2021moa,
 archiveprefix = {arXiv},
 author = {Aad, Georges and others},
 collaboration = {ATLAS},
 doi = {10.1140/epjc/s10052-021-09749-7},
 eprint = {2106.01676},
 journal = {Eur. Phys. J. C},
 keywords = {A2,atlas},
 number = {12},
 pages = {1118},
 primaryclass = {hep-ex},
 reportnumber = {CERN-EP-2021-059},
 title = {{Search for chargino\textendash{}neutralino pair production in final states with three leptons and missing transverse momentum in $\sqrt{s} = 13$~TeV pp collisions with the ATLAS detector}},
 volume = {81},
 year = {2021}
}

@article{ATLAS:2021oiz,
 archiveprefix = {arXiv},
 author = {Aad, Georges and others},
 collaboration = {ATLAS},
 doi = {10.1007/JHEP06(2021)179},
 eprint = {2101.11582},
 journal = {JHEP},
 keywords = {A1,atlas},
 pages = {179},
 primaryclass = {hep-ex},
 reportnumber = {CERN-EP-2020-241},
 title = {{Search for pair production of third-generation scalar leptoquarks decaying into a top quark and a $\tau$-lepton in $pp$ collisions at $ \sqrt{s} $ = 13 TeV with the ATLAS detector}},
 volume = {06},
 year = {2021}
}

@article{ATLAS:2021pdg,
 archiveprefix = {arXiv},
 author = {Aad, Georges and others},
 collaboration = {ATLAS},
 doi = {10.1140/epjc/s10052-021-09878-z},
 eprint = {2109.00925},
 journal = {Eur. Phys. J. C},
 keywords = {A2,atlas},
 number = {2},
 pages = {105},
 primaryclass = {hep-ex},
 reportnumber = {CERN-EP-2021-137},
 title = {{Observation of electroweak production of two jets in association with an isolated photon and missing transverse momentum, and search for a Higgs boson decaying into invisible particles at 13~$\text {TeV}$ with the ATLAS detector}},
 volume = {82},
 year = {2022}
}

@article{ATLAS:2021pft,
 archiveprefix = {arXiv},
 author = {Aad, Georges and others},
 collaboration = {ATLAS},
 doi = {10.1088/1748-0221/16/07/P07029},
 eprint = {2103.01029},
 journal = {JINST},
 keywords = {A3,atlas},
 number = {07},
 pages = {P07029},
 primaryclass = {physics.ins-det},
 reportnumber = {CERN-EP-2020-245},
 title = {{Performance of the ATLAS RPC detector and Level-1 muon barrel trigger at $\sqrt{s}=13$ TeV}},
 volume = {16},
 year = {2021}
}

@article{ATLAS:2021piz,
 archiveprefix = {arXiv},
 author = {Aad, Georges and others},
 collaboration = {ATLAS},
 doi = {10.1140/epjc/s10052-021-09775-5},
 eprint = {2106.03584},
 journal = {Eur. Phys. J. C},
 keywords = {A2,atlas},
 number = {12},
 pages = {1087},
 primaryclass = {hep-ex},
 reportnumber = {CERN-EP-2021-032},
 title = {{Configuration and performance of the ATLAS $b$-jet triggers in Run 2}},
 volume = {81},
 year = {2021}
}

@article{ATLAS:2021pkb,
 archiveprefix = {arXiv},
 author = {Aad, Georges and others},
 collaboration = {ATLAS},
 doi = {10.1140/epjc/s10052-022-10366-1},
 eprint = {2109.13808},
 journal = {Eur. Phys. J. C},
 keywords = {A2,atlas},
 number = {7},
 pages = {622},
 primaryclass = {hep-ex},
 reportnumber = {CERN-EP-2021-096},
 title = {{Constraints on Higgs boson properties using $WW^{*}(\rightarrow e\nu \mu \nu )jj$ production in $36.1\,\mathrm{fb}^{-1}$ of $\sqrt{s}=13$~TeV pp collisions with the ATLAS detector}},
 volume = {82},
 year = {2022}
}

@article{ATLAS:2021qnl,
 archiveprefix = {arXiv},
 author = {Aad, Georges and others},
 collaboration = {ATLAS},
 doi = {10.1007/JHEP07(2021)223},
 eprint = {2101.05095},
 journal = {JHEP},
 keywords = {A1,atlas},
 pages = {223},
 primaryclass = {hep-ex},
 reportnumber = {CERN-EP-2020-237},
 title = {{Determination of the parton distribution functions of the proton from ATLAS measurements of differential W$^{±}$ and Z boson production in association with jets}},
 volume = {07},
 year = {2021}
}

@article{ATLAS:2021qou,
 archiveprefix = {arXiv},
 author = {Aad, Georges and others},
 collaboration = {ATLAS},
 doi = {10.1007/JHEP06(2022)097},
 eprint = {2111.06712},
 journal = {JHEP},
 keywords = {A1,atlas},
 pages = {097},
 primaryclass = {hep-ex},
 reportnumber = {CERN-EP-2021-202},
 title = {{Measurement of Higgs boson decay into $b$-quarks in associated production with a top-quark pair in $pp$ collisions at $\sqrt{s}=13$ TeV with the ATLAS detector}},
 volume = {06},
 year = {2022}
}

@article{ATLAS:2021shl,
 archiveprefix = {arXiv},
 author = {Aad, Georges and others},
 collaboration = {ATLAS},
 doi = {10.1007/JHEP11(2021)209},
 eprint = {2108.13391},
 journal = {JHEP},
 keywords = {A1,atlas},
 pages = {209},
 primaryclass = {hep-ex},
 reportnumber = {CERN-EP-2021-074},
 title = {{Search for dark matter produced in association with a Standard Model Higgs boson decaying into b-quarks using the full Run 2 dataset from the ATLAS detector}},
 volume = {11},
 year = {2021}
}

@article{ATLAS:2021tfo,
 archiveprefix = {arXiv},
 author = {Aad, Georges and others},
 collaboration = {ATLAS},
 doi = {10.1088/1748-0221/16/07/P07006},
 eprint = {2101.05078},
 journal = {JINST},
 keywords = {A3,atlas},
 pages = {P07006},
 primaryclass = {physics.ins-det},
 reportnumber = {CERN-EP-2020-232},
 title = {{The ATLAS Fast TracKer system}},
 volume = {16},
 year = {2021}
}

@article{ATLAS:2021tnq,
 archiveprefix = {arXiv},
 author = {Aad, Georges and others},
 collaboration = {ATLAS},
 doi = {10.1140/epjc/s10052-021-09807-0},
 eprint = {2105.01416},
 journal = {Eur. Phys. J. C},
 keywords = {A2,atlas},
 number = {1},
 pages = {7},
 primaryclass = {hep-ex},
 reportnumber = {CERN-EP-2021-040},
 title = {{Performance of the ATLAS Level-1 topological trigger in Run~2}},
 volume = {82},
 year = {2022}
}

@article{ATLAS:2021twp,
 archiveprefix = {arXiv},
 author = {Aad, Georges and others},
 collaboration = {ATLAS},
 doi = {10.1140/epjc/s10052-021-09748-8},
 eprint = {2101.01629},
 journal = {Eur. Phys. J. C},
 keywords = {A2,atlas},
 note = {[Erratum: Eur.Phys.J.C 81, 956 (2021)]},
 number = {7},
 pages = {600},
 primaryclass = {hep-ex},
 reportnumber = {CERN-EP-2020-228},
 title = {{Search for squarks and gluinos in final states with one isolated lepton, jets, and missing transverse momentum at $\sqrt{s}=13$~ with the ATLAS detector}},
 volume = {81},
 year = {2021}
}

@article{ATLAS:2021upq,
 archiveprefix = {arXiv},
 author = {Aad, Georges and others},
 collaboration = {ATLAS},
 doi = {10.1007/JHEP06(2021)145},
 eprint = {2102.10076},
 journal = {JHEP},
 keywords = {A1,atlas},
 pages = {145},
 primaryclass = {hep-ex},
 reportnumber = {CERN-EP-2021-004},
 title = {{Search for charged Higgs bosons decaying into a top quark and a bottom quark at $ \sqrt{\mathrm{s}} $ = 13 TeV with the ATLAS detector}},
 volume = {06},
 year = {2021}
}

@article{ATLAS:2021vod,
 archiveprefix = {arXiv},
 author = {Aad, Georges and others},
 collaboration = {ATLAS},
 doi = {10.1140/epjc/s10052-022-10217-z},
 eprint = {2112.11266},
 journal = {Eur. Phys. J. C},
 keywords = {A2,atlas},
 number = {5},
 pages = {438},
 primaryclass = {hep-ex},
 reportnumber = {CERN-EP-2021-239},
 title = {{Determination of the parton distribution functions of the proton using diverse ATLAS data from $pp$ collisions at $\sqrt{s} = 7$, 8 and 13~TeV}},
 volume = {82},
 year = {2022}
}

@article{ATLAS:2021yij,
 archiveprefix = {arXiv},
 author = {Aad, Georges and others},
 collaboration = {ATLAS},
 doi = {10.1007/JHEP05(2021)093},
 eprint = {2101.12527},
 journal = {JHEP},
 keywords = {A1,atlas},
 pages = {093},
 primaryclass = {hep-ex},
 reportnumber = {CERN-EP-2021-001},
 title = {{Search for new phenomena in final states with $b$-jets and missing transverse momentum in $\sqrt{s}=13$ TeV $pp$ collisions with the ATLAS detector}},
 volume = {05},
 year = {2021}
}

@article{ATLAS:2021yyr,
 archiveprefix = {arXiv},
 author = {Aad, Georges and others},
 collaboration = {ATLAS},
 doi = {10.1007/JHEP07(2021)167},
 eprint = {2103.11684},
 journal = {JHEP},
 keywords = {A1,atlas},
 pages = {167},
 primaryclass = {hep-ex},
 reportnumber = {CERN-EP-2021-021},
 title = {{Search for supersymmetry in events with four or more charged leptons in 139 fb$^{−1}$ of $ \sqrt{s} $ = 13 TeV pp collisions with the ATLAS detector}},
 volume = {07},
 year = {2021}
}

@article{ATLAS:2021yza,
 archiveprefix = {arXiv},
 author = {Aad, Georges and others},
 collaboration = {ATLAS},
 doi = {10.1007/JHEP08(2022)089},
 eprint = {2112.09588},
 journal = {JHEP},
 keywords = {A1,atlas},
 pages = {089},
 primaryclass = {hep-ex},
 reportnumber = {CERN-EP-2021-231},
 title = {{Modelling and computational improvements to the simulation of single vector-boson plus jet processes for the ATLAS experiment}},
 volume = {08},
 year = {2022}
}

@article{ATLAS:2021zxb,
 archiveprefix = {arXiv},
 author = {Aad, Georges and others},
 collaboration = {ATLAS},
 doi = {10.1088/1748-0221/17/01/P01013},
 eprint = {2109.02591},
 journal = {JINST},
 keywords = {A3,atlas},
 number = {01},
 pages = {P01013},
 primaryclass = {physics.ins-det},
 reportnumber = {CERN-EP-2021-178},
 title = {{Operation and performance of the ATLAS semiconductor tracker in LHC Run~2}},
 volume = {17},
 year = {2022}
}

@article{ATLAS:2022abz,
 archiveprefix = {arXiv},
 author = {Aad, G. and others},
 collaboration = {ATLAS},
 doi = {10.1007/JHEP07(2023)155},
 eprint = {2211.04172},
 journal = {JHEP},
 keywords = {A1,atlas},
 pages = {155},
 primaryclass = {hep-ex},
 reportnumber = {CERN-EP-2022-183},
 title = {{Search for boosted diphoton resonances in the 10 to 70 GeV mass range using 138 fb$^{−1}$ of 13 TeV pp collisions with the ATLAS detector}},
 volume = {07},
 year = {2023}
}

@article{ATLAS:2022agz,
 archiveprefix = {arXiv},
 author = {Aad, Georges and others},
 collaboration = {ATLAS},
 doi = {10.1140/epjc/s10052-023-11427-9},
 eprint = {2204.13530},
 journal = {Eur. Phys. J. C},
 keywords = {A2,atlas},
 number = {5},
 pages = {438},
 primaryclass = {nucl-ex},
 reportnumber = {CERN-EP-2022-043},
 title = {{Measurement of the nuclear modification factor of $b$-jets in 5.02~TeV Pb+Pb collisions with the ATLAS detector}},
 volume = {83},
 year = {2023}
}

@article{ATLAS:2022aiy,
 archiveprefix = {arXiv},
 author = {Aad, Georges and others},
 collaboration = {ATLAS},
 doi = {10.1007/JHEP08(2022)087},
 eprint = {2203.01808},
 journal = {JHEP},
 keywords = {A1,atlas},
 pages = {087},
 primaryclass = {hep-ex},
 reportnumber = {CERN-EP-2022-025},
 title = {{Study of $ {\mathrm{B}}_{\mathrm{c}}^{+}\to \mathrm{J}/\psi {\mathrm{D}}_{\mathrm{s}}^{+} $ and $ {\mathrm{B}}_{\mathrm{c}}^{+}\to \mathrm{J}/\psi {\mathrm{D}}_{\mathrm{s}}^{\ast +} $ decays in pp collisions at $ \sqrt{\mathrm{s}} $ = 13 TeV with the ATLAS detector}},
 volume = {08},
 year = {2022}
}

@article{ATLAS:2022akr,
 archiveprefix = {arXiv},
 author = {Aad, Georges and others},
 collaboration = {ATLAS},
 doi = {10.1140/epjc/s10052-023-11583-y},
 eprint = {2212.05833},
 journal = {Eur. Phys. J. C},
 keywords = {A2,atlas},
 number = {7},
 pages = {563},
 primaryclass = {hep-ex},
 reportnumber = {CERN-EP-2022-244},
 title = {{Measurement of the CP properties of Higgs boson interactions with $\tau $-leptons with the ATLAS detector}},
 volume = {83},
 year = {2023}
}

@article{ATLAS:2022aof,
 archiveprefix = {arXiv},
 author = {Aad, G. and others},
 collaboration = {ATLAS, CMS},
 doi = {10.1007/JHEP07(2023)213},
 eprint = {2205.13830},
 journal = {JHEP},
 keywords = {A1,atlas},
 pages = {213},
 primaryclass = {hep-ex},
 reportnumber = {CERN-EP-2021-222, CMS-TOP-18-014, CERN-LPCC-2022-03},
 title = {{Combination of inclusive top-quark pair production cross-section measurements using ATLAS and CMS data at $ \sqrt{s} $ = 7 and 8 TeV}},
 volume = {07},
 year = {2023}
}

@article{ATLAS:2022atq,
 archiveprefix = {arXiv},
 author = {Aad, G. and others},
 collaboration = {ATLAS},
 doi = {10.1103/PhysRevLett.131.061803},
 eprint = {2204.11988},
 journal = {Phys. Rev. Lett.},
 keywords = {A1,atlas},
 number = {6},
 pages = {061803},
 primaryclass = {hep-ex},
 reportnumber = {CERN-EP-2022-017},
 title = {{Search for Heavy Neutral Leptons in Decays of W Bosons Using a Dilepton Displaced Vertex in s=13\,\,TeV pp Collisions with the ATLAS Detector}},
 volume = {131},
 year = {2023}
}

@article{ATLAS:2022bzt,
 archiveprefix = {arXiv},
 author = {Aad, G. and others},
 collaboration = {ATLAS},
 doi = {10.1007/JHEP07(2023)116},
 eprint = {2211.07175},
 journal = {JHEP},
 keywords = {A1,atlas},
 pages = {116},
 primaryclass = {hep-ex},
 reportnumber = {CERN-EP-2022-147},
 title = {{Search for dark matter produced in association with a dark Higgs boson decaying into $W^{+}W^{-}$ in the one-lepton final state at $\sqrt{s}$=13 TeV using 139 fb$^{-1}$ of $pp$ collisions recorded with the ATLAS detector}},
 volume = {07},
 year = {2023}
}

@article{ATLAS:2022ckd,
 archiveprefix = {arXiv},
 author = {Aad, Georges and others},
 collaboration = {ATLAS},
 doi = {10.1007/JHEP07(2023)021},
 eprint = {2206.06012},
 journal = {JHEP},
 keywords = {A1,atlas},
 pages = {021},
 primaryclass = {hep-ex},
 reportnumber = {CERN-EP-2022-012},
 title = {{Search for new phenomena in final states with photons, jets and missing transverse momentum in pp collisions at $ \sqrt{s} $ = 13 TeV with the ATLAS detector}},
 volume = {07},
 year = {2023}
}

@article{ATLAS:2022ctr,
 archiveprefix = {arXiv},
 author = {Aad, Georges and others},
 collaboration = {ATLAS},
 doi = {10.1140/epjc/s10052-023-11479-x},
 eprint = {2209.07874},
 journal = {Eur. Phys. J. C},
 keywords = {A2,atlas},
 number = {6},
 pages = {518},
 primaryclass = {hep-ex},
 reportnumber = {CERN-EP-2022-167},
 title = {{Measurements of observables sensitive to colour reconnection in $t{\bar{t}}$ events with the ATLAS detector at $\sqrt{s} =$ 13~TeV}},
 volume = {83},
 year = {2023}
}

@article{ATLAS:2022ddh,
 archiveprefix = {arXiv},
 author = {Aad, G. and others},
 collaboration = {ATLAS},
 doi = {10.1007/JHEP07(2023)202},
 eprint = {2211.08945},
 journal = {JHEP},
 keywords = {A1,atlas},
 pages = {202},
 primaryclass = {hep-ex},
 reportnumber = {CERN-EP-2022-179},
 title = {{Search for new phenomena in multi-body invariant masses in events with at least one isolated lepton and two jets using $ \sqrt{s} $ = 13 TeV proton\textendash{}proton collision data collected by the ATLAS detector}},
 volume = {07},
 year = {2023}
}

@article{ATLAS:2022dov,
 archiveprefix = {arXiv},
 author = {Aad, G. and others},
 collaboration = {ATLAS},
 doi = {10.1103/PhysRevC.107.054910},
 eprint = {2205.00039},
 journal = {Phys. Rev. C},
 keywords = {A1,atlas},
 number = {5},
 pages = {054910},
 primaryclass = {nucl-ex},
 reportnumber = {CERN-EP-2022-052},
 title = {{Correlations between flow and transverse momentum in Xe+Xe and Pb+Pb collisions at the LHC with the ATLAS detector: A probe of the heavy-ion initial state and nuclear deformation}},
 volume = {107},
 year = {2023}
}

@article{ATLAS:2022eap,
 archiveprefix = {arXiv},
 author = {Aad, Georges and others},
 collaboration = {ATLAS},
 doi = {10.1007/JHEP07(2023)200},
 eprint = {2211.02617},
 journal = {JHEP},
 keywords = {A1,atlas},
 pages = {200},
 primaryclass = {hep-ex},
 reportnumber = {CERN-EP-2022-187},
 title = {{A search for heavy Higgs bosons decaying into vector bosons in same-sign two-lepton final states in pp collisions at $ \sqrt{s} $ = 13 TeV with the ATLAS detector}},
 volume = {07},
 year = {2023}
}

@article{ATLAS:2022enb,
 archiveprefix = {arXiv},
 author = {Aad, Georges and others},
 collaboration = {ATLAS},
 doi = {10.1007/JHEP06(2023)016},
 eprint = {2207.00230},
 journal = {JHEP},
 keywords = {A1,atlas},
 pages = {016},
 primaryclass = {hep-ex},
 reportnumber = {CERN-EP-2022-115},
 title = {{Search for heavy resonances decaying into a $Z$ or $W$ boson and a Higgs boson in final states with leptons and $b$-jets in $139~$fb$^{-1}$ of $pp$ collisions at $\sqrt{s}=13~$TeV with the ATLAS detector}},
 volume = {06},
 year = {2023}
}

@article{ATLAS:2022ers,
 archiveprefix = {arXiv},
 author = {Aad, Georges and others},
 collaboration = {ATLAS},
 doi = {10.1140/epjc/s10052-022-10588-3},
 eprint = {2201.11428},
 journal = {Eur. Phys. J. C},
 keywords = {A2,atlas},
 pages = {717},
 primaryclass = {hep-ex},
 reportnumber = {CERN-EP-2021-251},
 title = {{Direct constraint on the Higgs-charm coupling from a search for Higgs boson decays into charm quarks with the ATLAS detector}},
 volume = {82},
 year = {2022}
}

@article{ATLAS:2022exb,
 archiveprefix = {arXiv},
 author = {Aad, Georges and others},
 collaboration = {ATLAS},
 doi = {10.1103/PhysRevC.107.054912},
 eprint = {2205.03042},
 journal = {Phys. Rev. C},
 keywords = {A1,atlas},
 number = {5},
 pages = {054912},
 primaryclass = {nucl-ex},
 reportnumber = {CERN-EP-2022-045},
 title = {{Production of \ensuremath{\Upsilon}(nS) mesons in Pb+Pb and pp collisions at 5.02 TeV}},
 volume = {107},
 year = {2023}
}

@article{ATLAS:2022fnp,
 archiveprefix = {arXiv},
 author = {Aad, Georges and others},
 collaboration = {ATLAS},
 doi = {10.1007/JHEP08(2022)027},
 eprint = {2202.00487},
 journal = {JHEP},
 keywords = {A1,atlas},
 pages = {027},
 primaryclass = {hep-ex},
 reportnumber = {CERN-EP-2021-227},
 title = {{Measurements of the Higgs boson inclusive and differential fiducial cross-sections in the diphoton decay channel with pp collisions at $ \sqrt{s} $ = 13 TeV with the ATLAS detector}},
 volume = {08},
 year = {2022}
}

@article{ATLAS:2022fpx,
 archiveprefix = {arXiv},
 author = {Aad, Georges and others},
 collaboration = {ATLAS},
 doi = {10.1140/epjc/s10052-023-11559-y},
 eprint = {2210.05415},
 journal = {Eur. Phys. J. C},
 keywords = {A2,atlas},
 number = {6},
 pages = {519},
 primaryclass = {hep-ex},
 reportnumber = {CERN-EP-2022-159},
 title = {{Search for Higgs boson pair production in association with a vector boson in pp collisions at $\sqrt{s}=13\,\text {TeV}$ with the ATLAS detector}},
 volume = {83},
 year = {2023}
}

@article{ATLAS:2022gzn,
 archiveprefix = {arXiv},
 author = {Aad, Georges and others},
 collaboration = {ATLAS},
 doi = {10.1007/JHEP06(2023)155},
 eprint = {2208.11415},
 journal = {JHEP},
 keywords = {A1,atlas},
 pages = {155},
 primaryclass = {hep-ex},
 reportnumber = {CERN-EP-2022-123},
 title = {{Search for flavour-changing neutral current interactions of the top quark and the Higgs boson in events with a pair of \ensuremath{\tau}-leptons in pp collisions at $ \sqrt{s} $ = 13 TeV with the ATLAS detector}},
 volume = {2306},
 year = {2023}
}

@article{ATLAS:2022hbt,
 archiveprefix = {arXiv},
 author = {Aad, Georges and others},
 collaboration = {ATLAS},
 doi = {10.1007/JHEP06(2023)031},
 eprint = {2209.13935},
 journal = {JHEP},
 keywords = {A1,atlas},
 pages = {031},
 primaryclass = {hep-ex},
 reportnumber = {CERN-EP-2022-132},
 title = {{Search for direct pair production of sleptons and charginos decaying to two leptons and neutralinos with mass splittings near the W-boson mass in $ \sqrt{s} $ = 13 TeV pp collisions with the ATLAS detector}},
 volume = {06},
 year = {2023}
}

@article{ATLAS:2022ihe,
 archiveprefix = {arXiv},
 author = {Aad, Georges and others},
 collaboration = {ATLAS},
 doi = {10.1140/epjc/s10052-023-11543-6},
 eprint = {2211.08028},
 journal = {Eur. Phys. J. C},
 keywords = {A2,atlas},
 number = {7},
 pages = {561},
 primaryclass = {hep-ex},
 reportnumber = {CERN-EP-2022-213},
 title = {{Search for supersymmetry in final states with missing transverse momentum and three or more b-jets in 139 fb$^{-1}$ of proton\textendash{}proton collisions at $\sqrt{s} = 13$~TeV with the ATLAS detector}},
 volume = {83},
 year = {2023}
}

@article{ATLAS:2022iyq,
 archiveprefix = {arXiv},
 author = {Aad, G. and others},
 collaboration = {ATLAS},
 doi = {10.1103/PhysRevLett.131.072301},
 eprint = {2206.01138},
 journal = {Phys. Rev. Lett.},
 keywords = {A1,atlas},
 number = {7},
 pages = {072301},
 primaryclass = {nucl-ex},
 reportnumber = {CERN-EP-2022-086},
 title = {{Strong Constraints on Jet Quenching in Centrality-Dependent p+Pb Collisions at 5.02~TeV from ATLAS}},
 volume = {131},
 year = {2023}
}

@article{ATLAS:2022izj,
 archiveprefix = {arXiv},
 author = {Aad, Georges and others},
 collaboration = {ATLAS},
 doi = {10.1007/JHEP06(2023)153},
 eprint = {2206.12181},
 journal = {JHEP},
 keywords = {A1,atlas},
 pages = {153},
 primaryclass = {hep-ex},
 reportnumber = {CERN-EP-2022-054},
 title = {{Search for light long-lived neutral particles that decay to collimated pairs of leptons or light hadrons in pp collisions at $ \sqrt{s} $ = 13 TeV with the ATLAS detector}},
 volume = {06},
 year = {2023}
}

@article{ATLAS:2022jat,
 archiveprefix = {arXiv},
 author = {Aad, G. and others},
 collaboration = {ATLAS},
 doi = {10.1140/epjc/s10052-023-11508-9},
 eprint = {2206.15231},
 journal = {Eur. Phys. J. C},
 keywords = {A2,atlas},
 number = {8},
 pages = {718},
 primaryclass = {hep-ex},
 reportnumber = {CERN-EP-2022-087},
 title = {{Measurements of $W^{+}W^{-}$ production in decay topologies inspired by searches for electroweak supersymmetry}},
 volume = {83},
 year = {2023}
}

@article{ATLAS:2022jbj,
 archiveprefix = {arXiv},
 author = {Aad, Georges and others},
 collaboration = {ATLAS},
 doi = {10.1007/JHEP06(2023)138},
 eprint = {2207.01354},
 journal = {JHEP},
 keywords = {A1,atlas},
 pages = {138},
 primaryclass = {hep-ex},
 reportnumber = {CERN-EP-2022-119},
 title = {{Measurement of the $ t\overline{t} $ production cross-section in pp collisions at $ \sqrt{s} $ = 5.02 TeV with the ATLAS detector}},
 volume = {06},
 year = {2023}
}

@article{ATLAS:2022jbw,
 archiveprefix = {arXiv},
 author = {Aad, Georges and others},
 collaboration = {ATLAS},
 doi = {10.1007/JHEP06(2023)019},
 eprint = {2209.00583},
 journal = {JHEP},
 keywords = {A1,atlas},
 pages = {019},
 primaryclass = {hep-ex},
 reportnumber = {CERN-EP-2020-018},
 title = {{Measurement of the top-quark mass using a leptonic invariant mass in pp collisions at $ \sqrt{s} $ = 13 TeV with the ATLAS detector}},
 volume = {06},
 year = {2023}
}

@article{ATLAS:2022jjr,
 archiveprefix = {arXiv},
 author = {Aad, Georges and others},
 collaboration = {ATLAS},
 doi = {10.1140/epjc/s10052-023-11584-x},
 eprint = {2212.07338},
 journal = {Eur. Phys. J. C},
 keywords = {A2,atlas},
 number = {8},
 pages = {686},
 primaryclass = {hep-ex},
 reportnumber = {CERN-EP-2022-274},
 title = {{Studies of the muon momentum calibration and performance of the ATLAS detector with $pp$ collisions at $\sqrt{s}=13$~TeV}},
 volume = {83},
 year = {2023}
}

@article{ATLAS:2022kqu,
 archiveprefix = {arXiv},
 author = {Aad, Georges and others},
 collaboration = {ATLAS},
 doi = {10.1007/JHEP07(2023)074},
 eprint = {2211.15257},
 journal = {JHEP},
 keywords = {A1,atlas},
 pages = {074},
 primaryclass = {hep-ex},
 reportnumber = {CERN-EP-2022-221},
 title = {{Charged-hadron production in $pp$, $p$+Pb, Pb+Pb, and Xe+Xe collisions at $\sqrt{s_{_\text{NN}}}=5$ TeV with the ATLAS detector at the LHC}},
 volume = {07},
 year = {2023}
}

@article{ATLAS:2022mgx,
 archiveprefix = {arXiv},
 author = {Aad, Georges and others},
 collaboration = {ATLAS},
 doi = {10.1140/epjc/s10052-023-11436-8},
 eprint = {2207.12246},
 journal = {Eur. Phys. J. C},
 keywords = {A2,atlas},
 number = {5},
 pages = {441},
 primaryclass = {hep-ex},
 reportnumber = {CERN-EP-2022-129},
 title = {{Measurement of the total cross section and $\rho $-parameter from elastic scattering in pp collisions at $\sqrt{s}=13$~TeV with the ATLAS detector}},
 volume = {83},
 year = {2023}
}

@article{ATLAS:2022mlu,
 archiveprefix = {arXiv},
 author = {Aad, Georges and others},
 collaboration = {ATLAS},
 doi = {10.1007/JHEP04(2023)080},
 eprint = {2205.02817},
 journal = {JHEP},
 keywords = {A1,atlas},
 pages = {080},
 primaryclass = {hep-ex},
 reportnumber = {CERN-EP-2022-026},
 title = {{Differential $ t\overline{t} $ cross-section measurements using boosted top quarks in the all-hadronic final state with 139 fb$^{−1}$ of ATLAS data}},
 volume = {04},
 year = {2023}
}

@article{ATLAS:2022nmi,
 archiveprefix = {arXiv},
 author = {Aad, Georges and others},
 collaboration = {ATLAS},
 doi = {10.1007/JHEP06(2023)036},
 eprint = {2209.15345},
 journal = {JHEP},
 keywords = {A1,atlas},
 pages = {036},
 primaryclass = {hep-ex},
 reportnumber = {CERN-EP-2022-180},
 title = {{A search for new resonances in multiple final states with a high transverse momentum $Z$ boson in $\sqrt{s}=13$ TeV $pp$ collisions with the ATLAS detector}},
 volume = {06},
 year = {2023}
}

@article{ATLAS:2022nrp,
 archiveprefix = {arXiv},
 author = {Aad, Georges and others},
 collaboration = {ATLAS},
 doi = {10.1007/JHEP06(2023)080},
 eprint = {2205.02597},
 journal = {JHEP},
 keywords = {A1,atlas},
 pages = {080},
 primaryclass = {hep-ex},
 reportnumber = {CERN-EP-2022-075},
 title = {{Cross-section measurements for the production of a Z boson in association with high-transverse-momentum jets in pp collisions at $ \sqrt{s} $ = 13 TeV with the ATLAS detector}},
 volume = {06},
 year = {2023}
}

@article{ATLAS:2022nru,
 archiveprefix = {arXiv},
 author = {Aad, Georges and others},
 collaboration = {ATLAS},
 doi = {10.1007/JHEP06(2023)082},
 eprint = {2208.12741},
 journal = {JHEP},
 keywords = {A1,atlas},
 pages = {082},
 primaryclass = {hep-ex},
 reportnumber = {CERN-EP-2022-138},
 title = {{Measurement of electroweak $ Z\left(\nu \overline{\nu}\right)\gamma jj $ production and limits on anomalous quartic gauge couplings in pp collisions at $ \sqrt{s} $ = 13 TeV with the ATLAS detector}},
 volume = {06},
 year = {2023}
}

@article{ATLAS:2022pbd,
 archiveprefix = {arXiv},
 author = {Aad, Georges and others},
 collaboration = {ATLAS},
 doi = {10.1140/epjc/s10052-023-11578-9},
 eprint = {2211.07505},
 journal = {Eur. Phys. J. C},
 keywords = {A2,atlas},
 number = {7},
 pages = {605},
 primaryclass = {hep-ex},
 reportnumber = {CERN-EP-2022-212},
 title = {{Search for doubly charged Higgs boson production in multi-lepton final states using 139~fb$^{-1}$ of proton\textendash{}proton collisions at $\sqrt{s}$ = 13~TeV with the ATLAS detector}},
 volume = {83},
 year = {2023}
}

@article{ATLAS:2022pib,
 archiveprefix = {arXiv},
 author = {Aad, Georges and others},
 collaboration = {ATLAS},
 doi = {10.1007/JHEP06(2023)158},
 eprint = {2205.06013},
 journal = {JHEP},
 keywords = {A1,atlas},
 pages = {158},
 primaryclass = {hep-ex},
 reportnumber = {CERN-EP-2022-029},
 title = {{Search for heavy, long-lived, charged particles with large ionisation energy loss in $pp$ collisions at $\sqrt{s} = 13~\text{TeV}$ using the ATLAS experiment and the full Run 2 dataset}},
 volume = {2306},
 year = {2023}
}

@article{ATLAS:2022qef,
 archiveprefix = {arXiv},
 author = {Aad, Georges and others},
 collaboration = {ATLAS},
 doi = {10.1007/JHEP05(2023)028},
 eprint = {2207.08615},
 journal = {JHEP},
 keywords = {A1,atlas},
 pages = {028},
 primaryclass = {hep-ex},
 reportnumber = {CERN-EP-2022-143},
 title = {{Measurement of the total and differential Higgs boson production cross-sections at $ \sqrt{s} $ = 13 TeV with the ATLAS detector by combining the H \textrightarrow{} ZZ$^{*}$\textrightarrow{} 4\ensuremath{\ell} and H \textrightarrow{} \ensuremath{\gamma}\ensuremath{\gamma} decay channels}},
 volume = {05},
 year = {2023}
}

@article{ATLAS:2022qxm,
 archiveprefix = {arXiv},
 author = {Aad, Georges and others},
 collaboration = {ATLAS},
 doi = {10.1140/epjc/s10052-023-11699-1},
 eprint = {2211.16345},
 journal = {Eur. Phys. J. C},
 keywords = {A2,atlas},
 number = {7},
 pages = {681},
 primaryclass = {physics.data-an},
 reportnumber = {CERN-EP-2022-226},
 title = {{ATLAS flavour-tagging algorithms for the LHC Run 2 pp collision dataset}},
 volume = {83},
 year = {2023}
}

@article{ATLAS:2022rej,
 archiveprefix = {arXiv},
 author = {Aad, Georges and others},
 collaboration = {ATLAS},
 doi = {10.1140/epjc/s10052-023-11869-1},
 eprint = {2208.03122},
 journal = {Eur. Phys. J. C},
 keywords = {A2,atlas},
 number = {9},
 pages = {781},
 primaryclass = {hep-ex},
 reportnumber = {CERN-EP-2022-128},
 title = {{Searches for exclusive Higgs and Z boson decays into a vector quarkonium state and a photon using 139~fb$^{-1}$ of ATLAS $\sqrt{s}=13$~TeV proton\textendash{}proton collision data}},
 volume = {83},
 year = {2023}
}

@article{ATLAS:2022rme,
 archiveprefix = {arXiv},
 author = {Aad, Georges and others},
 collaboration = {ATLAS},
 doi = {10.1140/epjc/s10052-022-10489-5},
 eprint = {2201.02472},
 journal = {Eur. Phys. J. C},
 keywords = {A2,atlas},
 number = {7},
 pages = {606},
 primaryclass = {hep-ex},
 reportnumber = {CERN-EP-2021-209},
 title = {{Search for long-lived charginos based on a disappearing-track signature using 136 fb$^{-1}$ of pp collisions at $\sqrt{s}$~=~13~TeV with the ATLAS detector}},
 volume = {82},
 year = {2022}
}

@article{ATLAS:2022rws,
 archiveprefix = {arXiv},
 author = {Aad, Georges and others},
 collaboration = {ATLAS},
 doi = {10.1007/JHEP07(2023)203},
 eprint = {2211.01136},
 journal = {JHEP},
 keywords = {A1,atlas},
 pages = {203},
 primaryclass = {hep-ex},
 reportnumber = {CERN-EP-2022-170},
 title = {{Search for $ t\overline{t}H/A\to t\overline{t}t\overline{t} $ production in the multilepton final state in proton\textendash{}proton collisions at $ \sqrt{s} $ = 13 TeV with the ATLAS detector}},
 volume = {07},
 year = {2023}
}

@article{ATLAS:2022srr,
 archiveprefix = {arXiv},
 author = {Aad, Georges and others},
 collaboration = {ATLAS},
 doi = {10.1007/JHEP06(2023)182},
 eprint = {2207.12781},
 journal = {JHEP},
 keywords = {A1,atlas},
 pages = {182},
 primaryclass = {nucl-ex},
 reportnumber = {CERN-EP-2022-130},
 title = {{Exclusive dielectron production in ultraperipheral Pb+Pb collisions at $ \sqrt{s_{\textrm{NN}}} $ = 5.02 TeV with ATLAS}},
 volume = {2306},
 year = {2023}
}

@article{ATLAS:2022tan,
 archiveprefix = {arXiv},
 author = {Aad, G. and others},
 collaboration = {ATLAS},
 doi = {10.1103/PhysRevLett.131.061802},
 eprint = {2208.02338},
 journal = {Phys. Rev. Lett.},
 keywords = {A1,atlas},
 number = {6},
 pages = {061802},
 primaryclass = {hep-ex},
 reportnumber = {CERN-EP-2022-134},
 title = {{Test of CP Invariance in Higgs Boson Vector-Boson-Fusion Production Using the H\textrightarrow{}\ensuremath{\gamma}\ensuremath{\gamma} Channel with the ATLAS Detector}},
 volume = {131},
 year = {2023}
}

@article{ATLAS:2022tla,
 archiveprefix = {arXiv},
 author = {Aad, Georges and others},
 collaboration = {ATLAS},
 doi = {10.1140/epjc/s10052-023-11790-7},
 eprint = {2212.05263},
 journal = {Eur. Phys. J. C},
 keywords = {A2,atlas},
 number = {8},
 pages = {719},
 primaryclass = {hep-ex},
 reportnumber = {CERN-EP-2022-201},
 title = {{Search for pair-produced vector-like top and bottom partners in events with large missing transverse momentum in pp collisions with the ATLAS detector}},
 volume = {83},
 year = {2023}
}

@article{ATLAS:2022uef,
 archiveprefix = {arXiv},
 author = {Aad, G. and others},
 collaboration = {ATLAS},
 doi = {10.1140/epjc/s10052-023-11700-x},
 eprint = {2212.00664},
 journal = {Eur. Phys. J. C},
 keywords = {A2,atlas},
 number = {7},
 pages = {627},
 primaryclass = {hep-ex},
 reportnumber = {CERN-EP-2022-140},
 title = {{Measurement of exclusive pion pair production in proton\textendash{}proton collisions at $\sqrt{s}={7}\,\text {TeV}$ with the ATLAS detector}},
 volume = {83},
 year = {2023}
}

@article{ATLAS:2022vii,
 archiveprefix = {arXiv},
 author = {Aad, G. and others},
 collaboration = {ATLAS},
 doi = {10.1103/PhysRevC.107.054909},
 eprint = {2211.11470},
 journal = {Phys. Rev. C},
 keywords = {A1,atlas},
 number = {5},
 pages = {054909},
 primaryclass = {nucl-ex},
 reportnumber = {CERN-EP-2022-182},
 title = {{Measurement of substructure-dependent jet suppression in Pb+Pb collisions at 5.02 TeV with the ATLAS detector}},
 volume = {107},
 year = {2023}
}

@article{ATLAS:2022vym,
 archiveprefix = {arXiv},
 author = {Aad, Georges and others},
 collaboration = {ATLAS},
 doi = {10.1007/JHEP11(2022)040},
 eprint = {2202.11382},
 journal = {JHEP},
 keywords = {A1,atlas},
 pages = {040},
 primaryclass = {hep-ex},
 reportnumber = {CERN-EP-2021-263},
 title = {{Measurement of the polarisation of single top quarks and antiquarks produced in the t-channel at $ \sqrt{s} $ = 13 TeV and bounds on the tWb dipole operator from the ATLAS experiment}},
 volume = {11},
 year = {2022}
}

@article{ATLAS:2022waa,
 archiveprefix = {arXiv},
 author = {Aad, G. and others},
 collaboration = {ATLAS},
 doi = {10.1007/JHEP08(2023)077},
 eprint = {2208.12095},
 journal = {JHEP},
 keywords = {A1,atlas},
 pages = {077},
 primaryclass = {hep-ex},
 reportnumber = {CERN-EP-2022-166},
 title = {{Evidence for the charge asymmetry in pp \textrightarrow{} $ t\overline{t} $ production at $ \sqrt{s} $ = 13 TeV with the ATLAS detector}},
 volume = {08},
 year = {2023}
}

@article{ATLAS:2022wcu,
 archiveprefix = {arXiv},
 author = {Aad, Georges and others},
 collaboration = {ATLAS},
 doi = {10.1007/JHEP06(2023)188},
 eprint = {2210.04517},
 journal = {JHEP},
 keywords = {A1,atlas},
 pages = {188},
 primaryclass = {hep-ex},
 reportnumber = {CERN-EP-2022-145},
 title = {{Search for pair-produced scalar and vector leptoquarks decaying into third-generation quarks and first- or second-generation leptons in pp collisions with the ATLAS detector}},
 volume = {2306},
 year = {2023}
}

@article{ATLAS:2022wfk,
 archiveprefix = {arXiv},
 author = {Aad, Georges and others},
 collaboration = {ATLAS},
 doi = {10.1007/JHEP06(2023)191},
 eprint = {2209.08990},
 journal = {JHEP},
 keywords = {A1,atlas},
 pages = {191},
 primaryclass = {hep-ex},
 reportnumber = {CERN-EP-2022-116},
 title = {{Measurement of single top-quark production in the s-channel in proton\textendash{}proton collisions at $ \sqrt{s} $ = 13 TeV with the ATLAS detector}},
 volume = {06},
 year = {2023}
}

@article{ATLAS:2022wmu,
 archiveprefix = {arXiv},
 author = {Aad, Georges and others},
 collaboration = {ATLAS},
 doi = {10.1140/epjc/s10052-023-11579-8},
 eprint = {2211.14171},
 journal = {Eur. Phys. J. C},
 keywords = {A2,atlas},
 number = {6},
 pages = {539},
 primaryclass = {hep-ex},
 reportnumber = {CERN-EP-2022-192},
 title = {{Measurement of $Z\gamma \gamma $ production in pp collisions at $\sqrt{s}= 13$~TeV with the ATLAS detector}},
 volume = {83},
 year = {2023}
}

@article{ATLAS:2022wnf,
 archiveprefix = {arXiv},
 author = {Aad, Georges and others},
 collaboration = {ATLAS},
 doi = {10.1007/JHEP07(2023)072},
 eprint = {2212.07184},
 journal = {JHEP},
 keywords = {A1,atlas},
 pages = {072},
 primaryclass = {hep-ex},
 reportnumber = {CERN-EP-2022-240},
 title = {{Measurements of $Z\gamma+$jets differential cross sections in $pp$ collisions at $\sqrt{s}=13$ TeV with the ATLAS detector}},
 volume = {07},
 year = {2023}
}

@article{ATLAS:2022wvk,
 archiveprefix = {arXiv},
 author = {Aad, Georges and others},
 collaboration = {ATLAS},
 doi = {10.1140/epjc/s10052-022-10472-0},
 eprint = {2202.02218},
 journal = {Eur. Phys. J. C},
 keywords = {A2,atlas},
 number = {7},
 pages = {608},
 primaryclass = {hep-ex},
 reportnumber = {CERN-EP-2021-172},
 title = {{Two-particle Bose\textendash{}Einstein correlations in ${ pp }$ collisions at $\mathbf {\sqrt{s} = 13}$~TeV measured with the ATLAS detector at the LHC}},
 volume = {82},
 year = {2022}
}

@article{ATLAS:2022xfj,
 archiveprefix = {arXiv},
 author = {Aad, Georges and others},
 collaboration = {ATLAS},
 doi = {10.1007/JHEP06(2022)063},
 eprint = {2202.12134},
 journal = {JHEP},
 keywords = {A1,atlas},
 pages = {063},
 primaryclass = {hep-ex},
 reportnumber = {CERN-EP-2022-003},
 title = {{Measurements of differential cross-sections in top-quark pair events with a high transverse momentum top quark and limits on beyond the Standard Model contributions to top-quark pair production with the ATLAS detector at $ \sqrt{s} $ = 13 TeV}},
 volume = {06},
 year = {2022}
}

@article{ATLAS:2022xlo,
 archiveprefix = {arXiv},
 author = {Aad, G. and others},
 collaboration = {ATLAS},
 doi = {10.1007/JHEP07(2023)133},
 eprint = {2212.09649},
 journal = {JHEP},
 keywords = {A1,atlas},
 pages = {133},
 primaryclass = {hep-ex},
 reportnumber = {CERN-EP-2022-237},
 title = {{Search for dark photons from Higgs boson decays via $ZH$ production with a photon plus missing transverse momentum signature from $pp$ collisions at $\sqrt{s}$ = 13 TeV with the ATLAS detector}},
 volume = {07},
 year = {2023}
}

@article{ATLAS:2022xnu,
 archiveprefix = {arXiv},
 author = {Aad, G. and others},
 collaboration = {ATLAS},
 doi = {10.1103/PhysRevLett.129.061803},
 eprint = {2201.13045},
 journal = {Phys. Rev. Lett.},
 keywords = {A1,atlas},
 number = {6},
 pages = {061803},
 primaryclass = {hep-ex},
 reportnumber = {CERN-EP-2021-243},
 title = {{Observation of $WWW$ Production in $pp$ Collisions at $\sqrt s$ =13\,\,TeV with the ATLAS Detector}},
 volume = {129},
 year = {2022}
}

@article{ATLAS:2022xzm,
 archiveprefix = {arXiv},
 author = {Aad, Georges and others},
 collaboration = {ATLAS},
 doi = {10.1007/JHEP07(2023)040},
 eprint = {2209.10910},
 journal = {JHEP},
 keywords = {A1,atlas},
 pages = {040},
 primaryclass = {hep-ex},
 reportnumber = {CERN-EP-2022-109},
 title = {{Search for resonant and non-resonant Higgs boson pair production in the $ b\overline{b}{\tau}^{+}{\tau}^{-} $ decay channel using 13 TeV pp collision data from the ATLAS detector}},
 volume = {07},
 year = {2023}
}

@article{ATLAS:2022yad,
 archiveprefix = {arXiv},
 author = {Aad, Georges and others},
 collaboration = {ATLAS},
 doi = {10.1103/PhysRevC.107.054907},
 eprint = {2206.12594},
 journal = {Phys. Rev. C},
 keywords = {A1,atlas},
 number = {5},
 pages = {054907},
 primaryclass = {nucl-ex},
 reportnumber = {CERN-EP-2022-047},
 title = {{Measurement of muon pairs produced via \ensuremath{\gamma}\ensuremath{\gamma} scattering in nonultraperipheral Pb+Pb collisions at sNN=5.02 TeV with the ATLAS detector}},
 volume = {107},
 year = {2023}
}

@article{ATLAS:2022ygn,
 archiveprefix = {arXiv},
 author = {Aad, Georges and others},
 collaboration = {ATLAS},
 doi = {10.1140/epjc/s10052-023-11477-z},
 eprint = {2211.05426},
 journal = {Eur. Phys. J. C},
 keywords = {A2,atlas},
 number = {6},
 pages = {503},
 primaryclass = {hep-ex},
 reportnumber = {CERN-EP-2022-133},
 title = {{Constraints on spin-0 dark matter mediators and invisible Higgs decays using ATLAS 13 TeV $pp$ collision data with two top quarks and missing transverse momentum in the final state}},
 volume = {83},
 year = {2023}
}

@article{ATLAS:2022yhd,
 archiveprefix = {arXiv},
 author = {Aad, Georges and others},
 collaboration = {ATLAS},
 doi = {10.1140/epjc/s10052-022-10785-0},
 eprint = {2202.02039},
 journal = {Eur. Phys. J. C},
 keywords = {A2,atlas},
 number = {11},
 pages = {988},
 primaryclass = {hep-ex},
 reportnumber = {CERN-EP-2021-211},
 title = {{Search for type-III seesaw heavy leptons in leptonic final states in pp collisions at $\sqrt{s} = 13~\text {TeV}$ with the ATLAS detector}},
 volume = {82},
 year = {2022}
}

@article{ATLAS:2022yrq,
 archiveprefix = {arXiv},
 author = {Aad, Georges and others},
 collaboration = {ATLAS},
 doi = {10.1007/JHEP08(2022)175},
 eprint = {2201.08269},
 journal = {JHEP},
 keywords = {A1,atlas},
 pages = {175},
 primaryclass = {hep-ex},
 reportnumber = {CERN-EP-2021-217},
 title = {{Measurements of Higgs boson production cross-sections in the~$H\to\tau^{+}\tau^{-}$ decay channel in pp collisions at $ \sqrt{s} $ = 13 TeV with the ATLAS detector}},
 volume = {08},
 year = {2022}
}

@article{ATLAS:2022yvh,
 archiveprefix = {arXiv},
 author = {Aad, Georges and others},
 collaboration = {ATLAS},
 doi = {10.1007/JHEP08(2022)104},
 eprint = {2202.07953},
 journal = {JHEP},
 keywords = {A1,atlas},
 pages = {104},
 primaryclass = {hep-ex},
 reportnumber = {CERN-EP-2021-258},
 title = {{Search for invisible Higgs-boson decays in events with vector-boson fusion signatures using 139 fb$^{-1}$ of proton-proton data recorded by the ATLAS experiment}},
 volume = {08},
 year = {2022}
}

@article{ATLAS:2022zbu,
 archiveprefix = {arXiv},
 author = {Aad, Georges and others},
 collaboration = {ATLAS},
 doi = {10.1103/PhysRevC.107.054908},
 eprint = {2205.00682},
 journal = {Phys. Rev. C},
 keywords = {A1,atlas},
 number = {5},
 pages = {054908},
 primaryclass = {nucl-ex},
 reportnumber = {CERN-EP-2022-046},
 title = {{Measurements of the suppression and correlations of dijets in Pb+Pb collisions at sNN=5.02 TeV}},
 volume = {107},
 year = {2023}
}

@article{ATLAS:2022zhj,
 archiveprefix = {arXiv},
 author = {Aad, Georges and others},
 collaboration = {ATLAS},
 doi = {10.1007/JHEP06(2022)005},
 eprint = {2203.01009},
 journal = {JHEP},
 keywords = {A1,atlas},
 pages = {005},
 primaryclass = {hep-ex},
 reportnumber = {CERN-EP-2022-002},
 title = {{Search for neutral long-lived particles in $pp$ collisions at $ \sqrt{s} $ = 13 TeV that decay into displaced hadronic jets in the ATLAS calorimeter}},
 volume = {06},
 year = {2022}
}

@article{ATLAS:2022znu,
 archiveprefix = {arXiv},
 author = {Aad, Georges and others},
 collaboration = {ATLAS},
 doi = {10.1140/epjc/s10052-023-11582-z},
 eprint = {2211.13138},
 journal = {Eur. Phys. J. C},
 keywords = {A2,atlas},
 number = {7},
 pages = {603},
 primaryclass = {hep-ex},
 reportnumber = {CERN-EP-2022-146},
 title = {{Search for dark matter produced in association with a single top quark and an energetic $W$ boson in $\sqrt{s}=$ 13 TeV $pp$ collisions with the ATLAS detector}},
 volume = {83},
 year = {2023}
}

@article{ATLAS:2022zuc,
 archiveprefix = {arXiv},
 author = {Aad, Georges and others},
 collaboration = {ATLAS},
 doi = {10.1140/epjc/s10052-023-11437-7},
 eprint = {2207.03925},
 journal = {Eur. Phys. J. C},
 keywords = {A2,atlas},
 number = {7},
 pages = {633},
 primaryclass = {hep-ex},
 reportnumber = {CERN-EP-2022-093},
 title = {{Search for resonant WZ production in the fully leptonic final state in proton\textendash{}proton collisions at $\mathbf {\sqrt{s} = 13}$~TeV with the ATLAS detector}},
 volume = {83},
 year = {2023}
}

@article{ATLAS:2022zwa,
 archiveprefix = {arXiv},
 author = {Aad, Georges and others},
 collaboration = {ATLAS},
 doi = {10.1140/epjc/s10052-023-11434-w},
 eprint = {2204.13072},
 journal = {Eur. Phys. J. C},
 keywords = {A2,atlas},
 number = {6},
 pages = {515},
 primaryclass = {hep-ex},
 reportnumber = {CERN-EP-2022-014},
 title = {{Searches for new phenomena in events with two leptons, jets, and missing transverse momentum in 139~fb$^{-1}$ of $\varvec{\sqrt{s}}=13$~TeV $\varvec{pp}$ collisions with the ATLAS detector}},
 volume = {83},
 year = {2023}
}

@article{ATLAS:2023ajo,
 archiveprefix = {arXiv},
 author = {Aad, Georges and others},
 collaboration = {ATLAS},
 doi = {10.1140/epjc/s10052-023-11573-0},
 eprint = {2303.15061},
 journal = {Eur. Phys. J. C},
 keywords = {A2,atlas},
 number = {6},
 pages = {496},
 primaryclass = {hep-ex},
 reportnumber = {CERN-EP-2023-055},
 title = {{Observation of four-top-quark production in the multilepton final state with the ATLAS detector}},
 volume = {83},
 year = {2023}
}

@article{ATLAS:2023bzb,
 archiveprefix = {arXiv},
 author = {Aad, G. and others},
 collaboration = {ATLAS},
 doi = {10.1007/JHEP09(2023)004},
 eprint = {2302.11739},
 journal = {JHEP},
 keywords = {A1,atlas},
 pages = {004},
 primaryclass = {hep-ex},
 reportnumber = {CERN-EP-2022-207},
 title = {{Search for a light charged Higgs boson in $t \rightarrow H^{\pm}b$ decays, with $H^{\pm} \rightarrow cb$, in the lepton+jets final state in proton-proton collisions at $\sqrt{s}=13$ TeV with the ATLAS detector}},
 volume = {09},
 year = {2023}
}

@article{ATLAS:2023gsl,
 archiveprefix = {arXiv},
 author = {Aad, Georges and others},
 collaboration = {ATLAS},
 doi = {10.1007/JHEP07(2023)141},
 eprint = {2303.15340},
 journal = {JHEP},
 keywords = {A1,atlas},
 pages = {141},
 primaryclass = {hep-ex},
 reportnumber = {CERN-EP-2023-016},
 title = {{Inclusive and differential cross-sections for dilepton $ t\overline{t} $ production measured in $ \sqrt{s} $ = 13 TeV pp collisions with the ATLAS detector}},
 volume = {07},
 year = {2023}
}

@article{ATLAS:2023hyd,
 archiveprefix = {arXiv},
 author = {Aad, G. and others},
 collaboration = {ATLAS},
 doi = {10.1140/epjc/s10052-023-11873-5},
 eprint = {2301.06822},
 journal = {Eur. Phys. J. C},
 keywords = {A2,atlas},
 number = {9},
 pages = {774},
 primaryclass = {hep-ex},
 reportnumber = {CERN-EP-2022-228},
 title = {{Measurements of differential cross sections of Higgs boson production through gluon fusion in the $H\rightarrow WW^{*}\rightarrow e\nu \mu \nu $ final state at $\sqrt{s} = 13$~TeV with the ATLAS detector}},
 volume = {83},
 year = {2023}
}

@article{ATLAS:2023kcu,
 archiveprefix = {arXiv},
 author = {Aad, Georges and others},
 collaboration = {ATLAS},
 doi = {10.1007/JHEP07(2023)125},
 eprint = {2304.11962},
 journal = {JHEP},
 keywords = {A1,atlas},
 pages = {125},
 primaryclass = {hep-ex},
 reportnumber = {CERN-EP-2022-241},
 title = {{Search for high-mass W\ensuremath{\gamma} and Z\ensuremath{\gamma} resonances using hadronic W/Z boson decays from 139 fb$^{−1}$ of pp collisions at $ \sqrt{s} $ = 13 TeV with the ATLAS detector}},
 volume = {07},
 year = {2023}
}

@article{ATLAS:2023kek,
 archiveprefix = {arXiv},
 author = {Aad, Georges and others},
 collaboration = {ATLAS},
 doi = {10.1007/JHEP06(2023)199},
 eprint = {2303.09444},
 journal = {JHEP},
 keywords = {A1,atlas},
 pages = {199},
 primaryclass = {hep-ex},
 reportnumber = {CERN-EP-2023-008},
 title = {{Search for excited \ensuremath{\tau}-leptons and leptoquarks in the final state with \ensuremath{\tau}-leptons and jets in pp collisions at $ \sqrt{s} $ = 13 TeV with the ATLAS detector}},
 volume = {06},
 year = {2023}
}

@article{ATLAS:2023lwk,
 archiveprefix = {arXiv},
 author = {Aad, Georges and others},
 collaboration = {ATLAS},
 doi = {10.1140/epjc/s10052-023-11736-z},
 eprint = {2301.06319},
 journal = {Eur. Phys. J. C},
 keywords = {A2,atlas},
 number = {8},
 pages = {728},
 primaryclass = {hep-ex},
 reportnumber = {CERN-EP-2022-211},
 title = {{Calibration of the light-flavour jet mistagging efficiency of the b-tagging algorithms with Z+jets events using 139~$\textrm{fb}^{-1}$ of ATLAS proton\textendash{}proton collision data at $\sqrt{s} = 13$~TeV}},
 volume = {83},
 year = {2023}
}

@article{ATLAS:2023mcc,
 archiveprefix = {arXiv},
 author = {Aad, Georges and others},
 collaboration = {ATLAS},
 doi = {10.1007/JHEP07(2023)199},
 eprint = {2301.03902},
 journal = {JHEP},
 keywords = {A1,atlas},
 pages = {199},
 primaryclass = {hep-ex},
 reportnumber = {CERN-EP-2022-176},
 title = {{Search for a new scalar resonance in flavour-changing neutral-current top-quark decays $t \rightarrow qX$ ($q=u,c$), with $X \rightarrow b\bar{b}$, in proton-proton collisions at $\sqrt{s}=13$ TeV with the ATLAS detector}},
 volume = {07},
 year = {2023}
}

@article{ATLAS:2023mvd,
 archiveprefix = {arXiv},
 author = {Aad, Georges and others},
 collaboration = {ATLAS},
 doi = {10.1007/JHEP07(2023)166},
 eprint = {2302.05225},
 journal = {JHEP},
 keywords = {A1,atlas},
 pages = {166},
 primaryclass = {hep-ex},
 reportnumber = {CERN-EP-2022-279},
 title = {{Searches for lepton-flavour-violating decays of the Higgs boson into $e\tau$ and $\mu\tau$ in $\sqrt{s}=13$ TeV $pp$ collisions with the ATLAS detector}},
 volume = {07},
 year = {2023}
}

@article{ATLAS:2023omk,
 archiveprefix = {arXiv},
 author = {Aad, G. and others},
 collaboration = {ATLAS},
 doi = {10.1007/JHEP07(2023)176},
 eprint = {2301.10486},
 journal = {JHEP},
 keywords = {A1,atlas},
 pages = {176},
 primaryclass = {hep-ex},
 reportnumber = {CERN-EP-2022-232},
 title = {{Model-independent search for the presence of new physics in events including $H\rightarrow\gamma\gamma$ with $\sqrt{s}$ = 13 TeV pp data recorded by the ATLAS detector at the LHC}},
 volume = {07},
 year = {2023}
}

@article{ATLAS:2023oti,
 archiveprefix = {arXiv},
 author = {Aad, Georges and others},
 collaboration = {ATLAS},
 doi = {10.1007/JHEP06(2023)200},
 eprint = {2301.13866},
 journal = {JHEP},
 keywords = {A1,atlas},
 pages = {200},
 primaryclass = {hep-ex},
 reportnumber = {CERN-EP-2023-002},
 title = {{Search for long-lived, massive particles in events with displaced vertices and multiple jets in pp collisions at $ \sqrt{s} $ = 13 TeV with the ATLAS detector}},
 volume = {2306},
 year = {2023}
}

@article{ATLAS:2023pja,
 archiveprefix = {arXiv},
 author = {Aad, Georges and others},
 collaboration = {ATLAS},
 doi = {10.1007/JHEP08(2023)153},
 eprint = {2305.03401},
 journal = {JHEP},
 keywords = {A1,atlas},
 pages = {153},
 primaryclass = {hep-ex},
 reportnumber = {CERN-EP-2023-058},
 title = {{Search for single production of vector-like T quarks decaying into Ht or Zt in pp collisions at $ \sqrt{s} $ = 13 TeV with the ATLAS detector}},
 volume = {08},
 year = {2023}
}

@article{ATLAS:2023sbu,
 archiveprefix = {arXiv},
 author = {Aad, G. and others},
 collaboration = {ATLAS},
 doi = {10.1007/JHEP07(2023)118},
 eprint = {2303.05441},
 journal = {JHEP},
 keywords = {A1,atlas},
 pages = {118},
 primaryclass = {hep-ex},
 reportnumber = {CERN-EP-2022-236},
 title = {{Search for third-generation vector-like leptons in $pp$ collisions at $\sqrt{s} = 13\,\text{TeV}$ with the ATLAS detector}},
 volume = {07},
 year = {2023}
}

@article{ATLAS:2023tgo,
 archiveprefix = {arXiv},
 author = {Aad, Georges and others},
 collaboration = {ATLAS},
 doi = {10.1007/JHEP07(2023)085},
 eprint = {2301.09351},
 journal = {JHEP},
 keywords = {A1,atlas},
 pages = {085},
 primaryclass = {hep-ex},
 reportnumber = {CERN-EP-2022-282},
 title = {{Determination of the strong coupling constant from transverse energy$-$energy correlations in multijet events at $\sqrt{s} = 13$ TeV with the ATLAS detector}},
 volume = {07},
 year = {2023}
}

@article{ATLAS:2023tkz,
 archiveprefix = {arXiv},
 author = {Aad, Georges and others},
 collaboration = {ATLAS},
 doi = {10.1140/epjc/s10052-023-11915-y},
 eprint = {2305.14931},
 journal = {Eur. Phys. J. C},
 keywords = {A2,atlas},
 number = {9},
 pages = {824},
 primaryclass = {hep-ex},
 reportnumber = {CERN-EP-2023-099},
 title = {{Search for Majorana neutrinos in same-sign WW scattering events from pp collisions at $\sqrt{s}=13$~TeV}},
 volume = {83},
 year = {2023}
}

@article{ATLAS:2023tyv,
 archiveprefix = {arXiv},
 author = {Aad, Georges and others},
 collaboration = {ATLAS},
 doi = {10.1140/epjc/s10052-023-11837-9},
 eprint = {2303.17312},
 journal = {Eur. Phys. J. C},
 keywords = {A2,atlas},
 number = {8},
 pages = {761},
 primaryclass = {hep-ex},
 reportnumber = {CERN-EP-2023-028},
 title = {{New techniques for jet calibration with the ATLAS detector}},
 volume = {83},
 year = {2023}
}

@article{ATLAS:2023xay,
 archiveprefix = {arXiv},
 author = {Aad, Georges and others},
 collaboration = {ATLAS},
 doi = {10.1007/JHEP07(2023)033},
 eprint = {2301.04245},
 journal = {JHEP},
 keywords = {A1,atlas},
 pages = {033},
 primaryclass = {hep-ex},
 reportnumber = {CERN-EP-2022-249},
 title = {{Search for leptonic charge asymmetry in $ t\overline{t}W $ production in final states with three leptons at $ \sqrt{s} $ = 13 TeV}},
 volume = {07},
 year = {2023}
}

@article{ATLAS:2023xzy,
 archiveprefix = {arXiv},
 author = {Aad, G. and others},
 collaboration = {ATLAS},
 doi = {10.1103/PhysRevC.108.024906},
 eprint = {2302.03967},
 journal = {Phys. Rev. C},
 keywords = {A1,atlas},
 number = {2},
 pages = {024906},
 primaryclass = {nucl-ex},
 reportnumber = {CERN-EP-2023-001},
 title = {{Measurements of the suppression and correlations of dijets in Xe+Xe collisions at sNN=5.44 TeV}},
 volume = {108},
 year = {2023}
}

@article{ATLAS:2023yrt,
 archiveprefix = {arXiv},
 author = {Aad, Georges and others},
 collaboration = {ATLAS},
 doi = {10.1007/JHEP07(2023)086},
 eprint = {2302.00510},
 journal = {JHEP},
 keywords = {A1,atlas},
 pages = {086},
 primaryclass = {hep-ex},
 reportnumber = {CERN-EP-2022-247},
 title = {{Inclusive-photon production and its dependence on photon isolation in $pp$ collisions at $\sqrt s=13$ TeV using 139 fb$^{-1}$ of ATLAS data}},
 volume = {07},
 year = {2023}
}

@article{ATLAS:2023zfc,
 archiveprefix = {arXiv},
 author = {Aad, Georges and others},
 collaboration = {ATLAS},
 doi = {10.1007/JHEP07(2023)234},
 eprint = {2304.10953},
 journal = {JHEP},
 keywords = {A1,atlas},
 pages = {234},
 primaryclass = {hep-ex},
 reportnumber = {CERN-EP-2023-049},
 title = {{Search for an axion-like particle with forward proton scattering in association with photon pairs at ATLAS}},
 volume = {07},
 year = {2023}
}

@article{CMS:2020ezf,
 archiveprefix = {arXiv},
 author = {Aad, Georges and others},
 collaboration = {CMS, ATLAS},
 doi = {10.1007/JHEP08(2020)051},
 eprint = {2005.03799},
 journal = {JHEP},
 keywords = {A1,atlas},
 number = {08},
 pages = {051},
 primaryclass = {hep-ex},
 reportnumber = {CMS-TOP-19-004, ATLAS-TOPQ-2018-02, CERN-EP-2020-012},
 title = {{Combination of the W boson polarization measurements in top quark decays using ATLAS and CMS data at $\sqrt{s} =$ 8 TeV}},
 volume = {08},
 year = {2020}
}
