@software{joao_victor_da_fonseca_pinto_2022_7494463,
  author       = {João Victor da Fonseca Pinto and
                  jlieberm and
                  Werner Freund and
                  Gabriel Gazola Milan and
                  Micael Veríssimo de Araújo and
                  Guilherme Gonçalves},
  title        = {lorenzetti-hep/lorenzetti: 2.0.0},
  month        = dec,
  year         = 2022,
  publisher    = {Zenodo},
  version      = {2.0.0},
  doi          = {10.5281/zenodo.7494463},
  url          = {https://doi.org/10.5281/zenodo.7494463},
  keywords     = {software}
}